day;timestamp;product;bid_price_1;bid_volume_1;bid_price_2;bid_volume_2;bid_price_3;bid_volume_3;ask_price_1;ask_volume_1;ask_price_2;ask_volume_2;ask_price_3;ask_volume_3;mid_price;profit_and_loss
1;0;ASH_COATED_OSMIUM;9992;13;9989;28;;;10008;14;10010;20;;;9999.5;0.0
1;0;INTARIAN_PEPPER_ROOT;12996;11;;;;;13009;8;;;;;13002.0;0.0
1;100;ASH_COATED_OSMIUM;9992;12;9990;25;;;10008;14;10010;20;;;9999.5;0.0
1;100;INTARIAN_PEPPER_ROOT;12994;9;12992;22;;;13010;11;;;;;13001.5;0.0
1;200;ASH_COATED_OSMIUM;9992;13;;;;;10010;15;10011;15;;;9999.5;0.0
1;200;INTARIAN_PEPPER_ROOT;12994;9;12991;15;;;13009;22;13011;17;;;13001.0;0.0
1;300;ASH_COATED_OSMIUM;9990;11;;;;;10008;15;10010;29;;;9999.0;0.0
1;300;INTARIAN_PEPPER_ROOT;12995;8;12990;18;;;13006;10;13010;18;;;13000.5;0.0
1;400;ASH_COATED_OSMIUM;9991;24;9990;25;;;10009;30;;;;;9999.5;0.0
1;400;INTARIAN_PEPPER_ROOT;12994;10;;;;;13007;15;13012;17;;;13000.0;0.0
1;500;ASH_COATED_OSMIUM;9992;12;9988;20;;;10008;13;;;;;9999.5;0.0
1;500;INTARIAN_PEPPER_ROOT;12993;19;;;;;13008;10;13010;17;;;12999.5;0.0
1;600;ASH_COATED_OSMIUM;9992;14;9989;23;;;10010;12;10012;24;;;10000.0;0.0
1;600;INTARIAN_PEPPER_ROOT;12992;8;12990;23;;;13006;8;;;;;12999.0;0.0
1;700;ASH_COATED_OSMIUM;9992;11;9990;23;;;10011;12;10012;12;10014;21;10000.0;0.0
1;700;INTARIAN_PEPPER_ROOT;12991;12;;;;;13005;9;13008;22;;;12998.0;0.0
1;800;ASH_COATED_OSMIUM;9993;15;;;;;10011;15;10011;28;;;10000.5;0.0
1;800;INTARIAN_PEPPER_ROOT;12992;9;12988;17;;;13004;12;;;;;12997.5;0.0
1;900;ASH_COATED_OSMIUM;9993;14;;;;;10009;24;10013;20;;;10000.5;0.0
1;900;INTARIAN_PEPPER_ROOT;12990;11;;;;;13004;25;13007;18;;;12997.0;0.0
1;1000;ASH_COATED_OSMIUM;9993;11;9991;30;;;10009;13;;;;;10000.5;0.0
1;1000;INTARIAN_PEPPER_ROOT;12991;9;;;;;13005;10;;;;;12996.5;0.0
1;1100;ASH_COATED_OSMIUM;9991;22;9990;21;;;10008;11;10012;30;;;10000.0;0.0
1;1100;INTARIAN_PEPPER_ROOT;12988;12;12986;16;;;13003;20;;;;;12996.0;0.0
1;1200;ASH_COATED_OSMIUM;9991;12;9989;20;;;10008;27;10012;20;;;9999.5;0.0
1;1200;INTARIAN_PEPPER_ROOT;12990;10;12986;17;;;13002;21;13005;15;;;12995.5;0.0
1;1300;ASH_COATED_OSMIUM;9996;12;;;;;10009;21;;;;;9999.0;0.0
1;1300;INTARIAN_PEPPER_ROOT;12990;9;12987;22;;;13002;12;;;;;12995.0;0.0
1;1400;ASH_COATED_OSMIUM;9992;13;9989;30;;;10005;15;10010;26;;;9999.5;0.0
1;1400;INTARIAN_PEPPER_ROOT;12988;11;12986;19;;;13000;12;13004;15;;;12994.5;0.0
1;1500;ASH_COATED_OSMIUM;9992;27;;;;;10008;10;;;;;9999.5;0.0
1;1500;INTARIAN_PEPPER_ROOT;12986;11;12985;25;;;13001;12;;;;;12994.0;0.0
1;1600;ASH_COATED_OSMIUM;9990;13;9988;26;;;10008;12;10013;26;;;9999.5;0.0
1;1600;INTARIAN_PEPPER_ROOT;12986;10;12984;18;;;13002;11;13004;20;;;12993.5;0.0
1;1700;ASH_COATED_OSMIUM;9991;13;9989;29;;;10007;11;10010;22;;;9999.0;0.0
1;1700;INTARIAN_PEPPER_ROOT;12987;11;12984;15;;;13000;8;13003;21;;;12993.0;0.0
1;1800;ASH_COATED_OSMIUM;9992;13;9989;12;;;10009;11;;;;;9999.5;0.0
1;1800;INTARIAN_PEPPER_ROOT;12989;12;12983;24;;;13000;10;13001;20;13007;20;12992.5;0.0
1;1900;ASH_COATED_OSMIUM;9992;10;9989;28;;;10008;2;10011;13;;;9999.5;0.0
1;1900;INTARIAN_PEPPER_ROOT;12986;8;;;;;13001;8;13001;21;;;12992.0;0.0
1;2000;ASH_COATED_OSMIUM;9992;11;;;;;10008;11;10006;27;;;9999.5;0.0
1;2000;INTARIAN_PEPPER_ROOT;12983;8;;;;;12998;10;13002;16;;;12991.0;0.0
1;2100;ASH_COATED_OSMIUM;9992;10;9990;29;;;10008;15;10011;25;;;9999.5;0.0
1;2100;INTARIAN_PEPPER_ROOT;12984;10;;;;;12996;10;;;;;12990.5;0.0
1;2200;ASH_COATED_OSMIUM;9991;14;9989;25;;;10009;11;10010;24;;;9999.5;0.0
1;2200;INTARIAN_PEPPER_ROOT;12984;11;12982;18;;;12996;8;13000;19;;;12990.0;0.0
1;2300;ASH_COATED_OSMIUM;9990;12;;;;;10007;11;10009;21;;;9999.0;0.0
1;2300;INTARIAN_PEPPER_ROOT;12983;12;12981;16;;;12996;11;;;;;12989.5;0.0
1;2400;ASH_COATED_OSMIUM;9991;30;;;;;10007;14;;;;;9998.5;0.0
1;2400;INTARIAN_PEPPER_ROOT;12982;12;12981;17;;;12997;9;12999;10;;;12989.0;0.0
1;2500;ASH_COATED_OSMIUM;9991;11;9989;23;;;10007;30;10010;27;;;9999.0;0.0
1;2500;INTARIAN_PEPPER_ROOT;12982;12;12979;19;;;12995;11;13003;16;;;12988.5;0.0
1;2600;ASH_COATED_OSMIUM;9990;15;;;;;10008;15;;;;;9999.0;0.0
1;2600;INTARIAN_PEPPER_ROOT;12980;10;12979;19;;;12994;9;12997;19;;;12988.0;0.0
1;2700;ASH_COATED_OSMIUM;9991;15;9989;24;;;10008;15;10010;23;;;9998.5;0.0
1;2700;INTARIAN_PEPPER_ROOT;12981;12;12977;20;;;12995;9;;;;;12987.5;0.0
1;2800;ASH_COATED_OSMIUM;9990;13;9988;26;;;10009;11;10013;28;;;9999.0;0.0
1;2800;INTARIAN_PEPPER_ROOT;12980;8;12978;25;;;12993;10;12997;25;;;12987.0;0.0
1;2900;ASH_COATED_OSMIUM;9996;10;9988;20;;;10008;13;;;;;9998.5;0.0
1;2900;INTARIAN_PEPPER_ROOT;12979;10;;;;;12993;12;12996;20;;;12986.5;0.0
1;3000;ASH_COATED_OSMIUM;9990;13;9989;21;;;10007;13;10009;20;;;9998.5;0.0
1;3000;INTARIAN_PEPPER_ROOT;12981;8;12975;8;;;12994;9;;;;;12986.0;0.0
1;3100;ASH_COATED_OSMIUM;9991;11;9988;25;;;10008;11;10011;30;;;9998.5;0.0
1;3100;INTARIAN_PEPPER_ROOT;12979;11;12974;17;;;12991;11;12995;15;12998;20;12985.0;0.0
1;3200;ASH_COATED_OSMIUM;9991;10;9987;27;;;10008;12;;;;;9998.5;0.0
1;3200;INTARIAN_PEPPER_ROOT;12978;9;12975;19;;;12991;12;12990;24;;;12984.5;0.0
1;3300;ASH_COATED_OSMIUM;9990;13;9988;28;;;10006;10;;;;;9997.5;0.0
1;3300;INTARIAN_PEPPER_ROOT;12976;16;12976;19;;;12990;10;12994;25;;;12984.0;0.0
1;3400;ASH_COATED_OSMIUM;9989;29;9986;20;;;10006;11;;;;;9998.0;0.0
1;3400;INTARIAN_PEPPER_ROOT;12982;18;12972;16;;;12990;22;;;;;12983.5;0.0
1;3500;ASH_COATED_OSMIUM;9994;12;9988;23;;;10007;23;;;;;9998.5;0.0
1;3500;INTARIAN_PEPPER_ROOT;12980;12;;;;;12989;11;;;;;12983.0;0.0
1;3600;ASH_COATED_OSMIUM;9991;10;9988;13;;;10007;15;10012;21;;;9998.5;0.0
1;3600;INTARIAN_PEPPER_ROOT;12974;22;12974;16;;;12984;8;;;;;12982.5;0.0
1;3700;ASH_COATED_OSMIUM;9991;13;;;;;10007;10;10010;26;;;9998.5;0.0
1;3700;INTARIAN_PEPPER_ROOT;12976;11;12973;21;;;12989;12;12990;25;;;12982.0;0.0
1;3800;ASH_COATED_OSMIUM;9991;21;;;;;10008;11;;;;;9998.5;0.0
1;3800;INTARIAN_PEPPER_ROOT;12973;21;;;;;12988;11;;;;;12981.5;0.0
1;3900;ASH_COATED_OSMIUM;9990;14;9986;20;;;10006;11;10009;25;;;9998.0;0.0
1;3900;INTARIAN_PEPPER_ROOT;12975;10;12974;24;;;12988;19;;;;;12981.0;0.0
1;4000;ASH_COATED_OSMIUM;9990;23;;;;;10008;12;10010;28;;;9998.5;0.0
1;4000;INTARIAN_PEPPER_ROOT;12974;9;12971;25;;;12988;9;;;;;12980.5;0.0
1;4100;ASH_COATED_OSMIUM;9994;14;9987;29;;;10008;10;10009;28;;;9998.0;0.0
1;4100;INTARIAN_PEPPER_ROOT;12974;10;;;;;12986;8;12989;20;;;12980.0;0.0
1;4200;ASH_COATED_OSMIUM;9988;13;9987;23;;;10001;11;;;;;9997.5;0.0
1;4200;INTARIAN_PEPPER_ROOT;12973;7;12970;19;;;12986;16;12990;21;;;12979.5;0.0
1;4300;ASH_COATED_OSMIUM;9989;14;9987;30;;;10004;21;10009;21;;;9997.5;0.0
1;4300;INTARIAN_PEPPER_ROOT;12973;16;;;;;12986;18;12987;24;;;12979.0;0.0
1;4400;ASH_COATED_OSMIUM;9990;25;;;;;10007;21;;;;;9997.5;0.0
1;4400;INTARIAN_PEPPER_ROOT;12971;8;12968;25;;;12986;9;12989;22;;;12978.0;0.0
1;4500;ASH_COATED_OSMIUM;9990;10;9987;24;;;10006;14;;;;;9998.0;0.0
1;4500;INTARIAN_PEPPER_ROOT;12973;8;12969;16;;;12979;11;12989;22;;;12977.5;0.0
1;4600;ASH_COATED_OSMIUM;9989;11;9987;28;;;10006;13;10008;26;;;9998.0;0.0
1;4600;INTARIAN_PEPPER_ROOT;12970;11;;;;;12985;11;12987;24;;;12977.0;0.0
1;4700;ASH_COATED_OSMIUM;9990;15;9988;29;;;10008;14;10008;20;;;9998.0;0.0
1;4700;INTARIAN_PEPPER_ROOT;12971;10;12967;21;;;12983;11;;;;;12976.5;0.0
1;4800;ASH_COATED_OSMIUM;9994;8;9988;20;;;10008;27;10008;24;;;9998.0;0.0
1;4800;INTARIAN_PEPPER_ROOT;12968;8;12967;18;;;12982;9;12984;20;;;12976.0;0.0
1;4900;ASH_COATED_OSMIUM;9990;14;9987;29;;;10006;6;10009;25;;;9997.5;0.0
1;4900;INTARIAN_PEPPER_ROOT;12970;11;12965;25;;;12983;12;;;;;12975.5;0.0
1;5000;ASH_COATED_OSMIUM;9990;15;9988;21;;;10006;14;10009;21;;;9998.0;0.0
1;5000;INTARIAN_PEPPER_ROOT;12971;9;12967;20;;;12984;9;12986;24;;;12975.0;0.0
1;5100;ASH_COATED_OSMIUM;9991;13;;;;;10007;20;10010;25;;;9998.5;0.0
1;5100;INTARIAN_PEPPER_ROOT;12968;23;12964;17;;;12981;8;;;;;12974.5;0.0
1;5200;ASH_COATED_OSMIUM;9991;10;;;;;10009;12;10009;20;;;9999.0;0.0
1;5200;INTARIAN_PEPPER_ROOT;12967;9;12965;18;;;12981;8;12983;19;;;12974.0;0.0
1;5300;ASH_COATED_OSMIUM;9992;12;9990;20;;;10008;11;10010;30;;;9999.5;0.0
1;5300;INTARIAN_PEPPER_ROOT;12965;8;12966;24;;;12980;10;12986;23;;;12973.5;0.0
1;5400;ASH_COATED_OSMIUM;9991;12;9988;26;;;10007;15;10010;25;;;9999.0;0.0
1;5400;INTARIAN_PEPPER_ROOT;12967;12;;;;;12981;11;12983;18;;;12973.0;0.0
1;5500;ASH_COATED_OSMIUM;9994;20;9992;25;;;10009;13;10010;20;;;9999.0;0.0
1;5500;INTARIAN_PEPPER_ROOT;12966;9;12968;18;;;12982;9;12983;20;;;12972.0;0.0
1;5600;ASH_COATED_OSMIUM;9990;11;9988;25;;;10008;15;;;;;9999.5;0.0
1;5600;INTARIAN_PEPPER_ROOT;12965;16;12962;25;;;12977;3;12981;15;;;12971.5;0.0
1;5700;ASH_COATED_OSMIUM;9997;11;9990;26;;;10009;15;;;;;10000.0;0.0
1;5700;INTARIAN_PEPPER_ROOT;12965;12;;;;;12978;8;12980;20;;;12971.0;0.0
1;5800;ASH_COATED_OSMIUM;9992;10;9990;24;;;10006;15;10011;21;;;10000.0;0.0
1;5800;INTARIAN_PEPPER_ROOT;12963;12;;;;;12976;11;12980;24;;;12970.5;0.0
1;5900;ASH_COATED_OSMIUM;9992;11;9990;23;;;10006;11;10011;28;;;10000.0;0.0
1;5900;INTARIAN_PEPPER_ROOT;12964;10;12961;21;;;12977;9;12980;19;;;12970.0;0.0
1;6000;ASH_COATED_OSMIUM;9992;11;;;;;10010;12;10012;30;;;10000.0;0.0
1;6000;INTARIAN_PEPPER_ROOT;12963;9;;;;;12978;8;12979;25;;;12969.5;0.0
1;6100;ASH_COATED_OSMIUM;9991;10;;;;;10008;14;10011;24;;;10000.0;0.0
1;6100;INTARIAN_PEPPER_ROOT;12963;9;;;;;12978;24;12979;22;;;12969.0;0.0
1;6200;ASH_COATED_OSMIUM;9992;10;9989;25;;;10008;11;;;;;10000.0;0.0
1;6200;INTARIAN_PEPPER_ROOT;12962;12;;;;;12977;11;12979;20;;;12968.5;0.0
1;6300;ASH_COATED_OSMIUM;9992;13;;;;;10008;25;10010;25;;;9999.5;0.0
1;6300;INTARIAN_PEPPER_ROOT;12961;12;;;;;12974;11;;;;;12968.0;0.0
1;6400;ASH_COATED_OSMIUM;9992;21;9989;21;;;10011;15;;;;;10000.0;0.0
1;6400;INTARIAN_PEPPER_ROOT;12962;11;;;;;12974;10;12978;17;;;12967.5;0.0
1;6500;ASH_COATED_OSMIUM;9991;12;;;;;10008;15;10010;25;;;9999.5;0.0
1;6500;INTARIAN_PEPPER_ROOT;12966;9;12958;17;;;12973;8;12977;23;;;12967.0;0.0
1;6600;ASH_COATED_OSMIUM;9992;13;9989;28;;;10009;15;10007;29;;;9999.5;0.0
1;6600;INTARIAN_PEPPER_ROOT;12960;8;;;12953;24;12972;12;12978;21;;;12966.5;0.0
1;6700;ASH_COATED_OSMIUM;9991;2;9988;24;;;10007;12;10010;25;;;9999.0;0.0
1;6700;INTARIAN_PEPPER_ROOT;12960;9;;;;;12972;8;12974;15;;;12965.5;0.0
1;6800;ASH_COATED_OSMIUM;9991;21;;;;;10007;10;10010;28;;;9998.5;0.0
1;6800;INTARIAN_PEPPER_ROOT;12957;12;12956;18;;;12971;5;12975;21;;;12965.0;0.0
1;6900;ASH_COATED_OSMIUM;9990;24;9990;22;;;10008;11;;;;;9999.5;0.0
1;6900;INTARIAN_PEPPER_ROOT;12958;21;12961;17;;;12971;12;12975;23;;;12964.5;0.0
1;7000;ASH_COATED_OSMIUM;9991;15;9988;29;;;10009;12;;;;;9999.0;0.0
1;7000;INTARIAN_PEPPER_ROOT;12956;22;12956;23;;;12971;8;;;;;12964.0;0.0
1;7100;ASH_COATED_OSMIUM;9992;11;;;;;10008;2;;;;;9999.5;0.0
1;7100;INTARIAN_PEPPER_ROOT;12957;22;12955;23;;;12970;16;12975;24;;;12963.5;0.0
1;7200;ASH_COATED_OSMIUM;9993;11;9990;28;;;10009;15;10011;26;;;10000.5;0.0
1;7200;INTARIAN_PEPPER_ROOT;12956;12;12953;25;;;12969;10;;;;;12963.0;0.0
1;7300;ASH_COATED_OSMIUM;9994;12;9989;30;;;10011;12;10013;29;;;10001.5;0.0
1;7300;INTARIAN_PEPPER_ROOT;12956;8;12953;20;;;12971;10;12975;17;;;12962.5;0.0
1;7400;ASH_COATED_OSMIUM;9995;21;9993;26;;;10012;22;;;;;10002.5;0.0
1;7400;INTARIAN_PEPPER_ROOT;12955;10;;;;;12970;15;12971;20;;;12962.0;0.0
1;7500;ASH_COATED_OSMIUM;9994;15;;;;;10010;11;;;;;10001.5;0.0
1;7500;INTARIAN_PEPPER_ROOT;12953;15;12953;24;12950;25;12969;12;12971;24;;;12961.5;0.0
1;7600;ASH_COATED_OSMIUM;9993;10;9990;24;;;10010;13;10011;25;;;10001.0;0.0
1;7600;INTARIAN_PEPPER_ROOT;12955;18;12951;22;;;12964;15;12971;19;;;12961.0;0.0
1;7700;ASH_COATED_OSMIUM;9993;12;9990;23;;;10006;10;10011;28;;;10000.5;0.0
1;7700;INTARIAN_PEPPER_ROOT;12954;10;;;;;12967;8;12970;21;;;12960.5;0.0
1;7800;ASH_COATED_OSMIUM;9991;13;9988;27;;;10008;30;10011;26;10016;29;10000.0;0.0
1;7800;INTARIAN_PEPPER_ROOT;12953;10;;;;;12967;19;12970;25;;;12959.5;0.0
1;7900;ASH_COATED_OSMIUM;9995;15;9990;25;;;10008;12;10010;29;;;10000.0;0.0
1;7900;INTARIAN_PEPPER_ROOT;12952;17;;;;;12967;12;12967;18;;;12959.0;0.0
1;8000;ASH_COATED_OSMIUM;9991;10;9990;27;;;10009;12;;;;;10000.0;0.0
1;8000;INTARIAN_PEPPER_ROOT;12953;9;12951;22;;;12967;11;12969;21;;;12958.5;0.0
1;8100;ASH_COATED_OSMIUM;9992;11;9995;22;;;10009;12;10010;26;;;10000.0;0.0
1;8100;INTARIAN_PEPPER_ROOT;12952;11;12949;25;;;12964;18;;;;;12958.0;0.0
1;8200;ASH_COATED_OSMIUM;9992;26;;;;;10010;15;;;;;10000.0;0.0
1;8200;INTARIAN_PEPPER_ROOT;12952;11;;;;;12966;10;;;;;12957.5;0.0
1;8300;ASH_COATED_OSMIUM;9994;23;9990;29;;;10008;11;10013;23;;;9999.5;0.0
1;8300;INTARIAN_PEPPER_ROOT;12951;11;12948;25;;;12963;8;;;;;12957.0;0.0
1;8400;ASH_COATED_OSMIUM;9992;10;9989;27;;;10008;11;10011;20;;;9999.5;0.0
1;8400;INTARIAN_PEPPER_ROOT;12949;11;;;;;12963;9;12965;24;;;12956.5;0.0
1;8500;ASH_COATED_OSMIUM;9992;13;9989;26;;;10008;10;10008;28;;;10000.0;0.0
1;8500;INTARIAN_PEPPER_ROOT;12949;8;12948;22;;;12963;10;;;;;12956.0;0.0
1;8600;ASH_COATED_OSMIUM;9992;13;;;;;10010;15;;;;;10000.0;0.0
1;8600;INTARIAN_PEPPER_ROOT;12946;12;;;;;12962;11;12967;19;;;12955.5;0.0
1;8700;ASH_COATED_OSMIUM;9992;15;9990;23;;;10003;15;;;;;10000.0;0.0
1;8700;INTARIAN_PEPPER_ROOT;12949;10;12945;19;;;12962;11;12964;23;;;12955.0;0.0
1;8800;ASH_COATED_OSMIUM;9992;11;9990;26;;;10009;14;;;;;10000.0;0.0
1;8800;INTARIAN_PEPPER_ROOT;12949;7;;;;;12963;9;12963;19;;;12954.5;0.0
1;8900;ASH_COATED_OSMIUM;9992;29;;;;;10007;13;10010;29;;;10000.0;0.0
1;8900;INTARIAN_PEPPER_ROOT;12947;12;;;12938;17;12960;10;;;;;12954.0;0.0
1;9000;ASH_COATED_OSMIUM;9992;15;;;;;10010;12;;;;;10000.0;0.0
1;9000;INTARIAN_PEPPER_ROOT;12952;11;12944;15;;;12960;12;12963;19;;;12953.0;0.0
1;9100;ASH_COATED_OSMIUM;9992;11;9990;23;;;10009;24;10012;20;;;10000.5;0.0
1;9100;INTARIAN_PEPPER_ROOT;12945;8;12942;18;;;12954;10;12961;19;;;12952.5;0.0
1;9200;ASH_COATED_OSMIUM;9991;11;9989;27;;;10008;26;;;;;9999.5;0.0
1;9200;INTARIAN_PEPPER_ROOT;12946;10;12943;17;;;12959;9;12962;17;;;12952.0;0.0
1;9300;ASH_COATED_OSMIUM;9990;28;9987;21;;;10008;12;;;;;9999.5;0.0
1;9300;INTARIAN_PEPPER_ROOT;12946;8;;;;;12959;11;12961;22;;;12951.5;0.0
1;9400;ASH_COATED_OSMIUM;9991;10;;;;;10008;10;10012;24;;;10000.0;0.0
1;9400;INTARIAN_PEPPER_ROOT;12944;10;12942;20;;;12958;12;12960;15;;;12951.0;0.0
1;9500;ASH_COATED_OSMIUM;9992;11;;;;;10010;15;;;;;10000.0;0.0
1;9500;INTARIAN_PEPPER_ROOT;12944;12;12941;24;;;12958;10;12959;23;;;12950.5;0.0
1;9600;ASH_COATED_OSMIUM;9992;15;9987;26;;;10008;14;10012;23;;;9999.5;0.0
1;9600;INTARIAN_PEPPER_ROOT;12945;10;12940;24;;;12957;8;;;;;12950.0;0.0
1;9700;ASH_COATED_OSMIUM;9992;13;9988;24;;;10009;14;;;;;9999.5;0.0
1;9700;INTARIAN_PEPPER_ROOT;12943;8;;;;;12955;8;12958;22;;;12949.5;0.0
1;9800;ASH_COATED_OSMIUM;9991;8;9990;22;;;10008;22;10011;20;;;10000.0;0.0
1;9800;INTARIAN_PEPPER_ROOT;12945;9;12940;12;;;12956;10;;;;;12949.0;0.0
1;9900;ASH_COATED_OSMIUM;9996;12;;;;;10009;11;;;;;10000.0;0.0
1;9900;INTARIAN_PEPPER_ROOT;12943;11;12940;25;;;12954;10;12958;18;;;12948.5;0.0
1;10000;ASH_COATED_OSMIUM;9991;10;9990;29;;;10008;14;;;10014;29;10000.0;0.0
1;10000;INTARIAN_PEPPER_ROOT;12942;9;;;;;12955;9;;;;;12948.0;0.0
1;10100;ASH_COATED_OSMIUM;9992;9;;;;;10008;12;10010;25;;;10000.0;0.0
1;10100;INTARIAN_PEPPER_ROOT;12939;9;12939;23;;;12955;12;12958;22;;;12947.5;0.0
1;10200;ASH_COATED_OSMIUM;9991;11;9989;28;;;10011;11;10011;20;;;10000.0;0.0
1;10200;INTARIAN_PEPPER_ROOT;12941;9;12935;18;;;12953;11;12956;17;;;12946.5;0.0
1;10300;ASH_COATED_OSMIUM;9991;13;9989;30;;;10005;11;10012;25;;;10000.0;0.0
1;10300;INTARIAN_PEPPER_ROOT;12940;11;;;;;12952;10;12955;18;;;12946.0;0.0
1;10400;ASH_COATED_OSMIUM;9991;14;9988;22;;;10007;11;10010;30;;;9999.0;0.0
1;10400;INTARIAN_PEPPER_ROOT;12939;12;;;;;12954;12;12954;23;;;12945.5;0.0
1;10500;ASH_COATED_OSMIUM;9992;13;9990;30;;;10008;10;;;;;9999.5;0.0
1;10500;INTARIAN_PEPPER_ROOT;12938;23;12935;18;;;12951;12;12954;24;;;12945.0;0.0
1;10600;ASH_COATED_OSMIUM;9992;14;9990;27;;;10009;14;;;;;9999.5;0.0
1;10600;INTARIAN_PEPPER_ROOT;12938;8;12936;25;;;12951;25;12954;25;12959;22;12944.5;0.0
1;10700;ASH_COATED_OSMIUM;9992;12;9990;25;;;10008;13;10012;20;;;10000.0;0.0
1;10700;INTARIAN_PEPPER_ROOT;12938;11;;;;;12951;9;;;;;12944.0;0.0
1;10800;ASH_COATED_OSMIUM;9992;25;;;;;10008;12;10012;28;;;9999.5;0.0
1;10800;INTARIAN_PEPPER_ROOT;12937;11;;;;;12951;8;12954;21;;;12943.5;0.0
1;10900;ASH_COATED_OSMIUM;9991;12;9988;24;;;10008;2;10010;21;;;9998.5;0.0
1;10900;INTARIAN_PEPPER_ROOT;12937;24;12936;19;;;12950;8;12953;20;;;12943.0;0.0
1;11000;ASH_COATED_OSMIUM;9991;13;9988;27;;;10007;13;;;;;9999.0;0.0
1;11000;INTARIAN_PEPPER_ROOT;12936;11;12933;24;;;12949;9;;;;;12942.5;0.0
1;11100;ASH_COATED_OSMIUM;9990;12;9987;25;;;10007;14;10010;14;;;9999.0;0.0
1;11100;INTARIAN_PEPPER_ROOT;12936;12;12933;25;;;12949;11;12952;24;;;12942.0;0.0
1;11200;ASH_COATED_OSMIUM;9992;15;9990;29;;;10009;14;10010;24;;;9999.5;0.0
1;11200;INTARIAN_PEPPER_ROOT;12935;12;;;;;12949;17;12951;23;;;12941.5;0.0
1;11300;ASH_COATED_OSMIUM;9992;12;;;;;10008;29;;;;;9999.5;0.0
1;11300;INTARIAN_PEPPER_ROOT;12935;12;12931;16;;;12947;11;12950;15;;;12940.5;0.0
1;11400;ASH_COATED_OSMIUM;9992;13;9990;25;;;10008;22;10011;24;;;9999.5;0.0
1;11400;INTARIAN_PEPPER_ROOT;12933;9;12932;17;;;12946;9;12950;22;;;12940.0;0.0
1;11500;ASH_COATED_OSMIUM;9992;12;9989;25;;;10008;26;;;;;9999.5;0.0
1;11500;INTARIAN_PEPPER_ROOT;12934;8;;;;;12947;9;;;;;12939.5;0.0
1;11600;ASH_COATED_OSMIUM;9991;11;9989;20;;;10007;30;10007;28;10013;23;9999.0;0.0
1;11600;INTARIAN_PEPPER_ROOT;12932;15;12929;24;;;12947;10;12949;18;;;12939.0;0.0
1;11700;ASH_COATED_OSMIUM;9992;14;;;;;10009;14;10011;28;;;9999.5;0.0
1;11700;INTARIAN_PEPPER_ROOT;12932;12;12929;24;;;12945;8;;;;;12938.5;0.0
1;11800;ASH_COATED_OSMIUM;9992;13;;;;;10008;10;;;;;10000.0;0.0
1;11800;INTARIAN_PEPPER_ROOT;12930;15;;;;;12947;8;12947;18;;;12938.0;0.0
1;11900;ASH_COATED_OSMIUM;9992;13;9988;29;;;10008;12;10010;21;;;9999.5;0.0
1;11900;INTARIAN_PEPPER_ROOT;12930;11;12929;22;;;12944;12;12949;21;;;12937.5;0.0
1;12000;ASH_COATED_OSMIUM;9991;30;9990;25;;;10008;7;;;;;10000.0;0.0
1;12000;INTARIAN_PEPPER_ROOT;12929;8;12927;18;;;12946;10;12947;23;;;12937.0;0.0
1;12100;ASH_COATED_OSMIUM;9990;12;9989;24;;;10008;12;10011;25;;;9999.5;0.0
1;12100;INTARIAN_PEPPER_ROOT;12930;8;12926;25;;;12942;20;12947;25;;;12936.5;0.0
1;12200;ASH_COATED_OSMIUM;9992;12;9990;24;;;10008;10;10011;14;;;9999.5;0.0
1;12200;INTARIAN_PEPPER_ROOT;12931;10;12927;18;;;12943;11;12948;18;;;12936.0;0.0
1;12300;ASH_COATED_OSMIUM;9991;10;9989;25;;;10008;11;;;;;9999.5;0.0
1;12300;INTARIAN_PEPPER_ROOT;12930;11;12926;17;;;12942;23;12946;18;;;12935.5;0.0
1;12400;ASH_COATED_OSMIUM;9991;15;9989;15;;;10007;10;10010;24;;;9998.5;0.0
1;12400;INTARIAN_PEPPER_ROOT;12928;11;12926;23;;;12941;17;;;;;12935.0;0.0
1;12500;ASH_COATED_OSMIUM;9991;10;9988;30;;;10007;11;10009;20;;;9999.0;0.0
1;12500;INTARIAN_PEPPER_ROOT;12927;10;12925;16;;;12941;9;12944;25;;;12934.0;0.0
1;12600;ASH_COATED_OSMIUM;9990;13;9989;30;;;10008;10;10010;22;;;9998.5;0.0
1;12600;INTARIAN_PEPPER_ROOT;12928;17;12925;18;;;12940;11;;;;;12933.5;0.0
1;12700;ASH_COATED_OSMIUM;9991;14;9987;25;;;10007;14;10009;26;;;9999.0;0.0
1;12700;INTARIAN_PEPPER_ROOT;12925;9;;;;;12940;11;12944;20;;;12933.0;0.0
1;12800;ASH_COATED_OSMIUM;9989;11;9989;25;;;10007;11;10010;25;;;9998.5;0.0
1;12800;INTARIAN_PEPPER_ROOT;12926;10;12923;20;;;12939;11;12943;25;;;12932.5;0.0
1;12900;ASH_COATED_OSMIUM;9991;13;9988;21;;;10005;10;10011;24;;;9998.5;0.0
1;12900;INTARIAN_PEPPER_ROOT;12926;9;12924;22;;;12941;10;;;;;12932.0;0.0
1;13000;ASH_COATED_OSMIUM;9991;13;;;;;10007;10;10009;24;;;9998.5;0.0
1;13000;INTARIAN_PEPPER_ROOT;12925;8;;;;;12938;9;12940;23;;;12931.5;0.0
1;13100;ASH_COATED_OSMIUM;9989;12;9986;21;;;10006;24;10004;22;;;9998.0;0.0
1;13100;INTARIAN_PEPPER_ROOT;12923;9;12920;21;;;12938;18;12940;15;;;12931.0;0.0
1;13200;ASH_COATED_OSMIUM;9990;11;9987;14;;;10007;14;10010;25;;;9998.5;0.0
1;13200;INTARIAN_PEPPER_ROOT;12924;19;;;;;12933;18;12940;19;;;12930.5;0.0
1;13300;ASH_COATED_OSMIUM;9992;13;9989;25;;;10008;28;;;;;9999.5;0.0
1;13300;INTARIAN_PEPPER_ROOT;12924;11;;;;;12937;9;12939;23;;;12930.0;0.0
1;13400;ASH_COATED_OSMIUM;9992;13;9990;28;;;10009;21;10010;14;;;9999.5;0.0
1;13400;INTARIAN_PEPPER_ROOT;12924;8;12922;16;;;12936;8;12938;23;;;12929.5;0.0
1;13500;ASH_COATED_OSMIUM;9991;12;;;;;10008;10;10013;25;;;10000.0;0.0
1;13500;INTARIAN_PEPPER_ROOT;12922;12;12921;23;;;12937;16;;;;;12929.0;0.0
1;13600;ASH_COATED_OSMIUM;9992;13;9990;26;;;10008;15;;;;;10000.0;0.0
1;13600;INTARIAN_PEPPER_ROOT;12922;25;12918;20;;;12937;10;12940;23;;;12928.5;0.0
1;13700;ASH_COATED_OSMIUM;9993;14;9991;22;;;10009;14;;;;;10000.5;0.0
1;13700;INTARIAN_PEPPER_ROOT;12922;11;12920;15;;;12934;8;12940;25;;;12928.0;0.0
1;13800;ASH_COATED_OSMIUM;9992;11;9990;21;;;10011;10;10013;23;;;10001.0;0.0
1;13800;INTARIAN_PEPPER_ROOT;12921;10;12918;25;;;12937;11;;;;;12927.0;0.0
1;13900;ASH_COATED_OSMIUM;9997;10;9991;21;;;10009;13;10012;22;;;10001.0;0.0
1;13900;INTARIAN_PEPPER_ROOT;12925;24;12918;24;;;12934;9;12936;23;;;12926.5;0.0
1;14000;ASH_COATED_OSMIUM;9994;12;9992;28;;;10010;13;;;;;10001.5;0.0
1;14000;INTARIAN_PEPPER_ROOT;12921;11;12917;23;;;12932;11;12936;25;;;12926.0;0.0
1;14100;ASH_COATED_OSMIUM;9992;10;;;;;10010;15;10013;15;;;10001.5;0.0
1;14100;INTARIAN_PEPPER_ROOT;12919;12;12918;19;;;12933;10;12934;16;;;12925.5;0.0
1;14200;ASH_COATED_OSMIUM;9992;15;9992;29;;;10010;11;;;;;10001.5;0.0
1;14200;INTARIAN_PEPPER_ROOT;12917;11;12916;16;;;12932;12;12933;19;;;12925.0;0.0
1;14300;ASH_COATED_OSMIUM;9993;11;9990;20;;;10011;13;10013;27;;;10001.0;0.0
1;14300;INTARIAN_PEPPER_ROOT;12918;9;;;;;12931;8;;;;;12924.5;0.0
1;14400;ASH_COATED_OSMIUM;9992;30;9991;11;;;10009;11;10012;22;;;10001.0;0.0
1;14400;INTARIAN_PEPPER_ROOT;12922;16;12916;18;;;12931;12;12935;23;;;12924.0;0.0
1;14500;ASH_COATED_OSMIUM;9992;5;9990;14;;;10004;15;;;;;10000.5;0.0
1;14500;INTARIAN_PEPPER_ROOT;12918;9;;;;;12933;11;;;;;12923.5;0.0
1;14600;ASH_COATED_OSMIUM;9991;10;;;;;10008;14;10011;24;;;10000.0;0.0
1;14600;INTARIAN_PEPPER_ROOT;12917;10;;;;;12930;10;12932;22;;;12923.0;0.0
1;14700;ASH_COATED_OSMIUM;9992;20;9990;21;;;10002;6;10010;26;;;9999.5;0.0
1;14700;INTARIAN_PEPPER_ROOT;12915;12;12913;20;;;12930;24;12932;23;;;12922.5;0.0
1;14800;ASH_COATED_OSMIUM;9992;11;;;;;10008;14;10013;30;;;9999.5;0.0
1;14800;INTARIAN_PEPPER_ROOT;12916;11;12913;17;;;12929;8;;;;;12922.0;0.0
1;14900;ASH_COATED_OSMIUM;9991;15;9989;22;;;10007;11;10010;22;;;9999.0;0.0
1;14900;INTARIAN_PEPPER_ROOT;12915;11;12911;21;;;12927;12;12930;18;;;12921.0;0.0
1;15000;ASH_COATED_OSMIUM;9991;4;9992;23;;;10007;14;10009;29;10013;27;9999.0;0.0
1;15000;INTARIAN_PEPPER_ROOT;12914;12;12913;24;;;12927;9;12931;15;;;12920.5;0.0
1;15100;ASH_COATED_OSMIUM;9992;11;;;;;10008;11;10010;24;;;9999.5;0.0
1;15100;INTARIAN_PEPPER_ROOT;12915;23;;;;;12928;20;12929;15;;;12920.0;0.0
1;15200;ASH_COATED_OSMIUM;9991;11;9989;22;;;10006;15;10010;25;;;9999.5;0.0
1;15200;INTARIAN_PEPPER_ROOT;12913;8;12909;25;;;12926;12;12929;9;;;12919.5;0.0
1;15300;ASH_COATED_OSMIUM;9992;3;9989;30;;;10008;23;10011;23;;;9999.5;0.0
1;15300;INTARIAN_PEPPER_ROOT;12913;10;;;;;12926;9;12930;22;;;12919.0;0.0
1;15400;ASH_COATED_OSMIUM;9992;14;;;;;10009;11;10010;29;;;10000.0;0.0
1;15400;INTARIAN_PEPPER_ROOT;12913;11;;;;;12925;10;12928;19;;;12918.5;0.0
1;15500;ASH_COATED_OSMIUM;9992;12;9990;21;;;10008;11;10011;29;;;10000.0;0.0
1;15500;INTARIAN_PEPPER_ROOT;12912;10;12908;22;;;12924;11;12927;24;;;12918.0;0.0
1;15600;ASH_COATED_OSMIUM;9993;12;9989;28;;;10010;27;;;;;10000.5;0.0
1;15600;INTARIAN_PEPPER_ROOT;12910;9;;;;;12923;11;12926;23;;;12917.5;0.0
1;15700;ASH_COATED_OSMIUM;9993;11;;;;;10009;30;;;;;10000.5;0.0
1;15700;INTARIAN_PEPPER_ROOT;12912;9;12908;21;;;12924;8;12927;21;;;12917.0;0.0
1;15800;ASH_COATED_OSMIUM;9992;12;;;;;10008;10;;;;;10000.0;0.0
1;15800;INTARIAN_PEPPER_ROOT;12910;10;12908;19;;;12925;16;12927;24;;;12916.5;0.0
1;15900;ASH_COATED_OSMIUM;9990;13;9990;25;;;10009;13;;;;;10000.5;0.0
1;15900;INTARIAN_PEPPER_ROOT;12908;12;12913;21;;;12924;16;12926;18;;;12916.0;0.0
1;16000;ASH_COATED_OSMIUM;9993;14;;;;;10009;23;10011;24;;;10000.5;0.0
1;16000;INTARIAN_PEPPER_ROOT;12909;12;12906;19;;;12923;8;12925;23;;;12915.5;0.0
1;16100;ASH_COATED_OSMIUM;9993;15;9991;29;;;10007;11;10011;20;;;10000.5;0.0
1;16100;INTARIAN_PEPPER_ROOT;12909;9;12907;20;;;12922;9;12925;15;;;12915.0;0.0
1;16200;ASH_COATED_OSMIUM;9991;15;9989;29;;;10008;20;10011;11;;;10000.0;0.0
1;16200;INTARIAN_PEPPER_ROOT;12908;8;12904;18;;;12920;9;12925;20;;;12914.0;0.0
1;16300;ASH_COATED_OSMIUM;9991;12;9990;25;;;10008;14;;;;;10000.0;0.0
1;16300;INTARIAN_PEPPER_ROOT;12907;10;12905;21;;;12920;12;12923;23;;;12913.5;0.0
1;16400;ASH_COATED_OSMIUM;9992;13;;;;;10008;13;10010;28;;;10000.0;0.0
1;16400;INTARIAN_PEPPER_ROOT;12907;8;12904;25;;;12920;10;12923;17;;;12913.0;0.0
1;16500;ASH_COATED_OSMIUM;9989;4;9990;24;;;10008;14;;;;;9999.5;0.0
1;16500;INTARIAN_PEPPER_ROOT;12907;12;12909;19;;;12921;17;12921;21;;;12912.5;0.0
1;16600;ASH_COATED_OSMIUM;9992;14;9992;26;;;10009;11;10011;25;;;9999.5;0.0
1;16600;INTARIAN_PEPPER_ROOT;12906;8;12901;22;;;12921;11;;;;;12912.0;0.0
1;16700;ASH_COATED_OSMIUM;9991;10;9990;25;;;10008;12;10012;30;;;9999.5;0.0
1;16700;INTARIAN_PEPPER_ROOT;12904;11;12903;16;;;12919;10;12921;17;;;12911.5;0.0
1;16800;ASH_COATED_OSMIUM;9991;21;9988;25;;;10008;22;10011;24;;;9999.0;0.0
1;16800;INTARIAN_PEPPER_ROOT;12905;21;12902;16;;;12917;12;;;;;12911.0;0.0
1;16900;ASH_COATED_OSMIUM;9990;4;;;;;10007;11;;;;;9999.0;0.0
1;16900;INTARIAN_PEPPER_ROOT;12903;10;12902;15;;;12920;11;12920;21;;;12910.5;0.0
1;17000;ASH_COATED_OSMIUM;9988;15;;;;;10007;13;10010;21;;;9998.5;0.0
1;17000;INTARIAN_PEPPER_ROOT;12903;12;;;;;12912;11;12919;23;;;12910.0;0.0
1;17100;ASH_COATED_OSMIUM;9988;22;9988;11;;;10008;15;10010;21;;;9998.5;0.0
1;17100;INTARIAN_PEPPER_ROOT;12903;8;12900;20;;;12918;20;12920;18;;;12909.5;0.0
1;17200;ASH_COATED_OSMIUM;9990;30;9988;23;;;10007;15;;;10015;22;9998.5;0.0
1;17200;INTARIAN_PEPPER_ROOT;12901;8;12899;24;;;12915;8;12921;21;;;12909.0;0.0
1;17300;ASH_COATED_OSMIUM;9990;11;;;;;10008;15;10008;29;;;9998.0;0.0
1;17300;INTARIAN_PEPPER_ROOT;12902;17;12901;18;;;12916;12;12920;19;;;12908.5;0.0
1;17400;ASH_COATED_OSMIUM;9990;10;9988;23;;;10006;23;10010;28;;;9998.0;0.0
1;17400;INTARIAN_PEPPER_ROOT;12900;11;12898;17;;;12914;12;;;;;12907.5;0.0
1;17500;ASH_COATED_OSMIUM;9989;10;;;;;10006;13;;;;;9998.0;0.0
1;17500;INTARIAN_PEPPER_ROOT;12898;11;12897;20;;;12915;8;12915;22;;;12907.0;0.0
1;17600;ASH_COATED_OSMIUM;9991;14;;;;;10008;13;;;;;9998.5;0.0
1;17600;INTARIAN_PEPPER_ROOT;12900;9;12898;18;;;12914;9;12915;20;;;12906.5;0.0
1;17700;ASH_COATED_OSMIUM;9991;15;9989;21;;;10008;11;10010;28;;;9999.0;0.0
1;17700;INTARIAN_PEPPER_ROOT;12899;8;12897;21;;;12914;8;;;;;12906.0;0.0
1;17800;ASH_COATED_OSMIUM;9991;24;9993;26;;;10008;13;10010;25;;;9998.5;0.0
1;17800;INTARIAN_PEPPER_ROOT;12900;11;;;;;12912;12;;;;;12905.5;0.0
1;17900;ASH_COATED_OSMIUM;9991;11;9989;28;;;10007;13;10011;12;;;9999.0;0.0
1;17900;INTARIAN_PEPPER_ROOT;12898;12;;;;;12912;12;;;;;12905.0;0.0
1;18000;ASH_COATED_OSMIUM;9991;14;;;;;10007;12;10010;26;;;9998.5;0.0
1;18000;INTARIAN_PEPPER_ROOT;12899;12;;;;;12911;11;12914;17;;;12904.5;0.0
1;18100;ASH_COATED_OSMIUM;9991;11;9989;24;;;10008;14;10011;22;;;9998.5;0.0
1;18100;INTARIAN_PEPPER_ROOT;12898;11;;;;;12911;6;12914;15;;;12904.0;0.0
1;18200;ASH_COATED_OSMIUM;9994;12;9988;29;;;10007;15;10010;22;;;9999.0;0.0
1;18200;INTARIAN_PEPPER_ROOT;12898;11;12894;16;;;12910;11;12914;17;;;12903.5;0.0
1;18300;ASH_COATED_OSMIUM;9991;15;9985;27;;;10007;15;10009;28;;;9999.0;0.0
1;18300;INTARIAN_PEPPER_ROOT;12895;12;12893;15;;;12911;9;12913;23;;;12903.0;0.0
1;18400;ASH_COATED_OSMIUM;9989;12;9989;26;;;10007;15;10009;25;;;9999.0;0.0
1;18400;INTARIAN_PEPPER_ROOT;12896;12;12894;19;;;12909;11;12911;9;;;12902.5;0.0
1;18500;ASH_COATED_OSMIUM;9991;30;;;;;10007;12;10009;24;;;9998.5;0.0
1;18500;INTARIAN_PEPPER_ROOT;12896;12;;;;;12908;10;;;;;12902.0;0.0
1;18600;ASH_COATED_OSMIUM;9991;30;9988;29;;;10007;12;;;;;9999.0;0.0
1;18600;INTARIAN_PEPPER_ROOT;12893;23;;;;;12908;16;;;;;12901.0;0.0
1;18700;ASH_COATED_OSMIUM;9992;10;9990;24;;;10008;10;;;;;10000.0;0.0
1;18700;INTARIAN_PEPPER_ROOT;12895;9;12890;23;;;12907;11;12910;24;;;12900.5;0.0
1;18800;ASH_COATED_OSMIUM;9993;10;9991;29;;;10009;14;10012;30;;;10000.5;0.0
1;18800;INTARIAN_PEPPER_ROOT;12895;12;12891;15;;;12906;10;12910;25;;;12900.0;0.0
1;18900;ASH_COATED_OSMIUM;9992;14;;;;;10008;29;10010;23;;;10000.0;0.0
1;18900;INTARIAN_PEPPER_ROOT;12894;8;;;;;12907;9;12907;17;;;12899.5;0.0
1;19000;ASH_COATED_OSMIUM;9992;11;9990;30;;;10008;15;;;;;10000.0;0.0
1;19000;INTARIAN_PEPPER_ROOT;12893;8;;;;;12906;12;12907;21;;;12899.0;0.0
1;19100;ASH_COATED_OSMIUM;9992;12;;;;;10010;14;;;;;10000.0;0.0
1;19100;INTARIAN_PEPPER_ROOT;12892;11;12889;17;;;12906;12;12908;20;;;12898.5;0.0
1;19200;ASH_COATED_OSMIUM;9989;15;9990;14;;;10008;21;;;;;9999.5;0.0
1;19200;INTARIAN_PEPPER_ROOT;12892;8;12889;19;;;12907;11;;;12911;19;12898.0;0.0
1;19300;ASH_COATED_OSMIUM;9992;14;;;;;10008;28;10010;28;;;9999.5;0.0
1;19300;INTARIAN_PEPPER_ROOT;12891;9;12890;16;;;12905;10;12907;18;;;12897.5;0.0
1;19400;ASH_COATED_OSMIUM;9991;27;9989;25;;;10007;14;;;;;9999.0;0.0
1;19400;INTARIAN_PEPPER_ROOT;12892;12;12888;16;;;12904;11;12908;19;;;12897.0;0.0
1;19500;ASH_COATED_OSMIUM;9989;12;9989;26;;;10002;12;10010;22;;;9998.5;0.0
1;19500;INTARIAN_PEPPER_ROOT;12890;9;;;;;12904;10;12907;10;;;12896.5;0.0
1;19600;ASH_COATED_OSMIUM;9991;13;9988;29;;;10004;11;;;;;9998.5;0.0
1;19600;INTARIAN_PEPPER_ROOT;12890;12;12886;21;;;12905;9;12900;20;;;12896.0;0.0
1;19700;ASH_COATED_OSMIUM;9990;30;9988;22;;;10007;12;10011;25;;;9999.0;0.0
1;19700;INTARIAN_PEPPER_ROOT;12887;9;12886;18;;;12903;9;12904;24;;;12895.0;0.0
1;19800;ASH_COATED_OSMIUM;9992;11;9989;20;;;10008;24;10010;30;;;9999.5;0.0
1;19800;INTARIAN_PEPPER_ROOT;12888;10;12886;24;;;12901;11;12904;15;;;12894.5;0.0
1;19900;ASH_COATED_OSMIUM;9993;14;;;;;10007;12;;;;;9999.0;0.0
1;19900;INTARIAN_PEPPER_ROOT;12888;12;12885;19;;;12900;9;;;;;12894.0;0.0
1;20000;ASH_COATED_OSMIUM;9993;13;9986;26;;;10006;7;10008;26;;;9998.0;0.0
1;20000;INTARIAN_PEPPER_ROOT;12887;9;;;;;12900;9;;;;;12893.5;0.0
1;20100;ASH_COATED_OSMIUM;9991;12;9987;23;9984;29;10003;11;;;;;9998.5;0.0
1;20100;INTARIAN_PEPPER_ROOT;12886;10;12884;16;;;12899;12;12903;15;12908;25;12893.0;0.0
1;20200;ASH_COATED_OSMIUM;9991;11;9988;22;;;10007;11;10010;21;;;9998.5;0.0
1;20200;INTARIAN_PEPPER_ROOT;12886;16;12883;22;;;12900;9;12902;21;;;12892.5;0.0
1;20300;ASH_COATED_OSMIUM;9990;23;9988;26;;;10006;11;10010;25;;;9998.0;0.0
1;20300;INTARIAN_PEPPER_ROOT;12886;9;;;;;12898;10;12902;23;;;12892.0;0.0
1;20400;ASH_COATED_OSMIUM;9990;12;9988;24;;;10006;29;10008;24;;;9998.0;0.0
1;20400;INTARIAN_PEPPER_ROOT;12885;15;12882;19;;;12900;12;12900;18;;;12891.5;0.0
1;20500;ASH_COATED_OSMIUM;9989;20;9988;29;;;10006;10;;;;;9998.0;0.0
1;20500;INTARIAN_PEPPER_ROOT;12885;11;;;;;12898;12;;;;;12891.0;0.0
1;20600;ASH_COATED_OSMIUM;9990;10;9987;30;;;10006;30;10009;26;;;9998.0;0.0
1;20600;INTARIAN_PEPPER_ROOT;12885;9;12880;15;;;12898;10;12900;18;;;12890.5;0.0
1;20700;ASH_COATED_OSMIUM;9990;14;9987;29;9984;24;10006;24;10008;23;;;9997.5;0.0
1;20700;INTARIAN_PEPPER_ROOT;12885;12;12880;21;;;12896;9;12899;17;;;12890.0;0.0
1;20800;ASH_COATED_OSMIUM;9989;14;9987;27;;;10005;15;;;;;9997.0;0.0
1;20800;INTARIAN_PEPPER_ROOT;12884;9;12881;23;;;12897;15;12900;20;;;12889.5;0.0
1;20900;ASH_COATED_OSMIUM;9989;12;9985;25;9982;30;10005;14;;;;;9997.0;0.0
1;20900;INTARIAN_PEPPER_ROOT;12882;9;;;;;12896;9;;;;;12889.0;0.0
1;21000;ASH_COATED_OSMIUM;9990;10;9988;24;;;10006;13;;;;;9997.5;0.0
1;21000;INTARIAN_PEPPER_ROOT;12883;21;;;;;12895;9;;;;;12888.5;0.0
1;21100;ASH_COATED_OSMIUM;9989;14;9986;29;;;10005;11;10007;24;;;9997.0;0.0
1;21100;INTARIAN_PEPPER_ROOT;12879;16;12880;16;;;12895;11;;;;;12887.5;0.0
1;21200;ASH_COATED_OSMIUM;9990;11;9987;26;;;10006;14;;;;;9998.0;0.0
1;21200;INTARIAN_PEPPER_ROOT;12883;8;12878;18;;;12893;12;;;;;12887.0;0.0
1;21300;ASH_COATED_OSMIUM;9992;13;9986;29;;;10006;14;10008;25;;;9997.5;0.0
1;21300;INTARIAN_PEPPER_ROOT;12880;9;12873;17;;;12895;8;12896;22;;;12886.5;0.0
1;21400;ASH_COATED_OSMIUM;9990;14;9988;21;;;10008;15;;;;;9997.5;0.0
1;21400;INTARIAN_PEPPER_ROOT;12878;10;12877;25;;;12893;12;12895;25;;;12886.0;0.0
1;21500;ASH_COATED_OSMIUM;9988;11;9987;30;;;10006;26;;;;;9997.5;0.0
1;21500;INTARIAN_PEPPER_ROOT;12879;10;12876;19;;;12893;9;12894;18;;;12885.5;0.0
1;21600;ASH_COATED_OSMIUM;9989;11;9987;23;;;10006;14;10010;21;;;9998.0;0.0
1;21600;INTARIAN_PEPPER_ROOT;12884;11;12876;16;;;12891;9;12894;20;;;12885.0;0.0
1;21700;ASH_COATED_OSMIUM;9993;15;;;;;10008;12;;;;;9998.5;0.0
1;21700;INTARIAN_PEPPER_ROOT;12878;10;12877;15;;;12893;11;12896;16;;;12884.5;0.0
1;21800;ASH_COATED_OSMIUM;9989;12;9989;25;;;10007;12;;;;;9998.5;0.0
1;21800;INTARIAN_PEPPER_ROOT;12878;11;;;;;12890;9;12894;16;;;12884.0;0.0
1;21900;ASH_COATED_OSMIUM;9992;10;9990;20;;;10008;14;10011;22;;;9999.5;0.0
1;21900;INTARIAN_PEPPER_ROOT;12877;11;12873;20;;;12890;3;12893;17;;;12883.5;0.0
1;22000;ASH_COATED_OSMIUM;9992;12;9990;22;;;10008;13;;;;;9999.5;0.0
1;22000;INTARIAN_PEPPER_ROOT;12876;12;;;;;12889;10;12891;15;;;12883.0;0.0
1;22100;ASH_COATED_OSMIUM;9989;10;9989;29;;;10007;13;;;;;9999.0;0.0
1;22100;INTARIAN_PEPPER_ROOT;12877;9;12873;19;;;12884;12;;;;;12882.5;0.0
1;22200;ASH_COATED_OSMIUM;9991;2;9985;20;;;10005;12;10010;13;;;9999.5;0.0
1;22200;INTARIAN_PEPPER_ROOT;12876;8;12873;19;;;12889;12;;;;;12882.0;0.0
1;22300;ASH_COATED_OSMIUM;9992;13;;;;;10008;13;10011;20;;;9999.5;0.0
1;22300;INTARIAN_PEPPER_ROOT;12874;9;12871;17;;;12887;11;;;;;12881.0;0.0
1;22400;ASH_COATED_OSMIUM;9992;11;;;;;10008;14;10010;26;;;9999.5;0.0
1;22400;INTARIAN_PEPPER_ROOT;12875;8;;;;;12887;12;;;;;12880.5;0.0
1;22500;ASH_COATED_OSMIUM;9993;12;;;;;10009;10;10012;30;;;10000.5;0.0
1;22500;INTARIAN_PEPPER_ROOT;12873;11;12874;19;;;12886;12;12889;21;;;12880.0;0.0
1;22600;ASH_COATED_OSMIUM;9993;10;9990;23;;;10010;10;10011;27;;;10000.5;0.0
1;22600;INTARIAN_PEPPER_ROOT;12873;12;12871;25;;;12886;18;12889;24;;;12879.5;0.0
1;22700;ASH_COATED_OSMIUM;9993;14;9990;23;;;10009;11;;;;;10000.5;0.0
1;22700;INTARIAN_PEPPER_ROOT;12874;10;;;;;12886;10;12889;20;;;12879.0;0.0
1;22800;ASH_COATED_OSMIUM;9992;14;9990;25;;;10004;29;10012;25;;;10000.5;0.0
1;22800;INTARIAN_PEPPER_ROOT;12873;9;;;;;12885;8;;;;;12878.5;0.0
1;22900;ASH_COATED_OSMIUM;9992;13;9989;23;;;10003;28;10010;28;;;10000.0;0.0
1;22900;INTARIAN_PEPPER_ROOT;12873;12;;;;;12885;11;12887;15;;;12878.0;0.0
1;23000;ASH_COATED_OSMIUM;9992;15;;;;;10008;10;;;;;10000.0;0.0
1;23000;INTARIAN_PEPPER_ROOT;12869;11;;;;;12883;8;12887;18;;;12877.5;0.0
1;23100;ASH_COATED_OSMIUM;9992;11;9989;24;;;10003;15;10011;28;;;9999.5;0.0
1;23100;INTARIAN_PEPPER_ROOT;12870;11;12867;20;;;12884;8;12889;23;;;12877.0;0.0
1;23200;ASH_COATED_OSMIUM;9992;12;;;;;10008;25;10011;28;;;9999.5;0.0
1;23200;INTARIAN_PEPPER_ROOT;12870;25;12868;19;;;12884;11;;;;;12876.5;0.0
1;23300;ASH_COATED_OSMIUM;9992;13;9990;25;;;10008;25;10010;24;;;9999.5;0.0
1;23300;INTARIAN_PEPPER_ROOT;12871;9;;;;;12883;8;12885;21;;;12876.0;0.0
1;23400;ASH_COATED_OSMIUM;9992;4;;;;;10009;15;10011;29;10016;27;10000.0;0.0
1;23400;INTARIAN_PEPPER_ROOT;12867;8;12866;16;;;12881;9;12884;24;;;12875.0;0.0
1;23500;ASH_COATED_OSMIUM;9992;10;;;;;10009;14;10011;15;;;9999.5;0.0
1;23500;INTARIAN_PEPPER_ROOT;12867;8;12864;23;;;12880;11;12884;24;;;12874.5;0.0
1;23600;ASH_COATED_OSMIUM;9992;14;;;;;10010;11;10010;30;;;9999.5;0.0
1;23600;INTARIAN_PEPPER_ROOT;12869;8;;;;;12880;9;;;;;12874.0;0.0
1;23700;ASH_COATED_OSMIUM;9992;15;9989;22;;;10008;10;10011;22;;;9999.5;0.0
1;23700;INTARIAN_PEPPER_ROOT;12868;8;12865;24;;;12880;15;12882;16;;;12873.5;0.0
1;23800;ASH_COATED_OSMIUM;9991;30;9989;23;;;10008;12;10009;25;;;9999.0;0.0
1;23800;INTARIAN_PEPPER_ROOT;12867;8;12864;21;;;12880;21;12882;24;;;12873.0;0.0
1;23900;ASH_COATED_OSMIUM;9988;12;9987;26;;;10008;14;10009;26;;;9998.5;0.0
1;23900;INTARIAN_PEPPER_ROOT;12867;9;;;;;12879;10;;;;;12872.5;0.0
1;24000;ASH_COATED_OSMIUM;9996;10;9988;21;;;10009;13;;;;;9999.0;0.0
1;24000;INTARIAN_PEPPER_ROOT;12866;10;12862;24;;;12879;11;;;;;12872.0;0.0
1;24100;ASH_COATED_OSMIUM;9992;12;9988;29;9987;21;10009;21;10011;20;;;9999.5;0.0
1;24100;INTARIAN_PEPPER_ROOT;12871;9;12862;23;;;12878;22;;;;;12871.5;0.0
1;24200;ASH_COATED_OSMIUM;9992;15;9990;22;;;10010;10;10010;27;;;10000.0;0.0
1;24200;INTARIAN_PEPPER_ROOT;12866;8;;;;;12877;8;;;;;12871.0;0.0
1;24300;ASH_COATED_OSMIUM;9991;6;;;;;10007;13;10010;25;;;9999.0;0.0
1;24300;INTARIAN_PEPPER_ROOT;12865;20;12861;24;;;12879;8;12879;23;;;12870.5;0.0
1;24400;ASH_COATED_OSMIUM;9992;12;9989;20;;;10009;13;10010;21;;;9999.5;0.0
1;24400;INTARIAN_PEPPER_ROOT;12864;10;12861;23;;;12872;19;12880;23;;;12870.0;0.0
1;24500;ASH_COATED_OSMIUM;9991;10;9988;30;;;10007;10;10009;24;;;9999.0;0.0
1;24500;INTARIAN_PEPPER_ROOT;12863;9;12861;25;;;12876;11;12878;25;;;12869.5;0.0
1;24600;ASH_COATED_OSMIUM;9992;11;9990;25;;;10008;10;10010;22;;;9999.5;0.0
1;24600;INTARIAN_PEPPER_ROOT;12860;11;;;;;12875;22;;;;;12868.5;0.0
1;24700;ASH_COATED_OSMIUM;9992;5;;;;;10010;11;10010;29;;;9999.5;0.0
1;24700;INTARIAN_PEPPER_ROOT;12861;16;12860;25;;;12875;9;12878;25;;;12868.0;0.0
1;24800;ASH_COATED_OSMIUM;9991;12;9989;27;;;10009;10;10007;22;;;9999.5;0.0
1;24800;INTARIAN_PEPPER_ROOT;12862;9;;;;;12875;8;12876;25;;;12867.5;0.0
1;24900;ASH_COATED_OSMIUM;9990;14;9989;28;;;10008;11;10010;22;;;9999.0;0.0
1;24900;INTARIAN_PEPPER_ROOT;12859;8;;;;;12873;25;12878;18;;;12867.0;0.0
1;25000;ASH_COATED_OSMIUM;9989;10;;;;;10007;12;10010;23;;;9999.0;0.0
1;25000;INTARIAN_PEPPER_ROOT;12859;9;;;;;12874;15;12876;21;;;12866.5;0.0
1;25100;ASH_COATED_OSMIUM;9989;10;9989;25;;;10004;15;10010;25;;;9998.5;0.0
1;25100;INTARIAN_PEPPER_ROOT;12858;8;12857;18;;;12873;10;12875;21;;;12866.0;0.0
1;25200;ASH_COATED_OSMIUM;9991;13;9988;21;;;10007;11;10009;21;;;9999.0;0.0
1;25200;INTARIAN_PEPPER_ROOT;12860;20;;;;;12872;8;12870;19;12877;24;12865.5;0.0
1;25300;ASH_COATED_OSMIUM;9991;10;9988;24;;;10008;13;10012;29;;;9999.5;0.0
1;25300;INTARIAN_PEPPER_ROOT;12859;10;12857;21;;;12872;12;12874;20;;;12865.0;0.0
1;25400;ASH_COATED_OSMIUM;9992;10;9989;29;;;10008;10;10012;26;;;9999.5;0.0
1;25400;INTARIAN_PEPPER_ROOT;12859;9;12856;15;;;12870;12;12873;16;;;12864.5;0.0
1;25500;ASH_COATED_OSMIUM;9994;11;9990;29;;;10009;13;10012;25;;;9999.5;0.0
1;25500;INTARIAN_PEPPER_ROOT;12859;10;;;;;12872;8;12872;25;;;12864.0;0.0
1;25600;ASH_COATED_OSMIUM;9995;10;9989;26;;;10003;14;10011;24;;;10000.0;0.0
1;25600;INTARIAN_PEPPER_ROOT;12858;16;12855;22;;;12866;24;12873;18;;;12863.5;0.0
1;25700;ASH_COATED_OSMIUM;9992;12;9988;23;;;10008;10;10011;29;;;9999.5;0.0
1;25700;INTARIAN_PEPPER_ROOT;12857;11;12852;20;;;12870;15;;;;;12863.0;0.0
1;25800;ASH_COATED_OSMIUM;9992;15;;;;;10008;10;;;;;9999.5;0.0
1;25800;INTARIAN_PEPPER_ROOT;12856;9;12854;23;;;12870;8;12868;19;;;12862.0;0.0
1;25900;ASH_COATED_OSMIUM;9991;30;9988;21;;;10009;15;10009;27;;;9999.0;0.0
1;25900;INTARIAN_PEPPER_ROOT;12856;8;;;;;12868;12;12871;18;;;12861.5;0.0
1;26000;ASH_COATED_OSMIUM;9990;10;9989;21;;;10009;25;10011;30;;;9999.0;0.0
1;26000;INTARIAN_PEPPER_ROOT;12855;11;12854;18;;;12868;8;12870;21;;;12861.0;0.0
1;26100;ASH_COATED_OSMIUM;9990;14;;;;;10007;10;;;;;9999.0;0.0
1;26100;INTARIAN_PEPPER_ROOT;12854;10;;;;;12867;16;12872;15;;;12860.5;0.0
1;26200;ASH_COATED_OSMIUM;9990;11;9989;29;;;10007;12;;;;;9999.0;0.0
1;26200;INTARIAN_PEPPER_ROOT;12853;9;12850;19;;;12867;12;12872;21;;;12860.0;0.0
1;26300;ASH_COATED_OSMIUM;9990;13;9990;24;;;10009;30;;;;;9999.5;0.0
1;26300;INTARIAN_PEPPER_ROOT;12851;11;;;;;12866;16;12870;25;;;12859.5;0.0
1;26400;ASH_COATED_OSMIUM;9992;14;9989;21;;;10008;11;10011;27;;;9999.5;0.0
1;26400;INTARIAN_PEPPER_ROOT;12852;21;12855;22;;;12866;23;12869;22;;;12859.0;0.0
1;26500;ASH_COATED_OSMIUM;9993;14;9990;15;;;10010;15;10011;20;10017;26;10000.5;0.0
1;26500;INTARIAN_PEPPER_ROOT;12853;9;12849;15;;;12864;12;12868;23;;;12858.5;0.0
1;26600;ASH_COATED_OSMIUM;9993;22;9989;30;;;10006;30;;;;;10000.5;0.0
1;26600;INTARIAN_PEPPER_ROOT;12851;9;12849;23;;;12864;11;;;;;12858.0;0.0
1;26700;ASH_COATED_OSMIUM;9993;12;9991;27;;;10009;10;10011;24;;;10000.5;0.0
1;26700;INTARIAN_PEPPER_ROOT;12852;11;;;;;12864;8;12868;20;;;12857.5;0.0
1;26800;ASH_COATED_OSMIUM;9992;10;;;;;10010;13;10011;27;;;10000.0;0.0
1;26800;INTARIAN_PEPPER_ROOT;12851;8;;;;;12863;10;12868;24;;;12857.0;0.0
1;26900;ASH_COATED_OSMIUM;9992;13;9989;27;;;10008;15;10011;30;;;10000.0;0.0
1;26900;INTARIAN_PEPPER_ROOT;12854;12;;;;;12863;12;12866;23;;;12856.5;0.0
1;27000;ASH_COATED_OSMIUM;9992;12;;;;;10008;12;10005;20;;;9999.5;0.0
1;27000;INTARIAN_PEPPER_ROOT;12849;15;;;;;12866;24;;;;;12856.0;0.0
1;27100;ASH_COATED_OSMIUM;9990;10;9990;29;;;10010;14;10011;30;;;10000.0;0.0
1;27100;INTARIAN_PEPPER_ROOT;12848;12;;;;;12862;8;12865;20;;;12855.0;0.0
1;27200;ASH_COATED_OSMIUM;9992;10;9990;28;;;10006;29;10012;30;;;10000.0;0.0
1;27200;INTARIAN_PEPPER_ROOT;12846;8;;;;;12863;11;12864;24;;;12854.5;0.0
1;27300;ASH_COATED_OSMIUM;9992;15;9989;27;;;10005;13;10013;26;;;10000.0;0.0
1;27300;INTARIAN_PEPPER_ROOT;12848;11;12845;23;;;12861;21;;;;;12854.0;0.0
1;27400;ASH_COATED_OSMIUM;9993;12;;;;;10009;10;10012;26;;;10000.5;0.0
1;27400;INTARIAN_PEPPER_ROOT;12852;8;12844;16;;;12861;10;12863;19;;;12853.5;0.0
1;27500;ASH_COATED_OSMIUM;9992;10;;;;;10008;11;10012;26;;;10000.0;0.0
1;27500;INTARIAN_PEPPER_ROOT;12847;7;;;;;12859;12;12862;22;;;12853.0;0.0
1;27600;ASH_COATED_OSMIUM;9992;26;9989;24;;;10006;11;10010;22;;;9999.5;0.0
1;27600;INTARIAN_PEPPER_ROOT;12846;21;12840;17;;;12859;17;12864;18;;;12852.5;0.0
1;27700;ASH_COATED_OSMIUM;9991;15;9989;22;9987;30;10010;10;;;;;10000.0;0.0
1;27700;INTARIAN_PEPPER_ROOT;12845;12;;;;;12861;11;12862;22;;;12852.0;0.0
1;27800;ASH_COATED_OSMIUM;9993;15;9989;25;;;10009;14;10012;23;;;10000.5;0.0
1;27800;INTARIAN_PEPPER_ROOT;12845;12;12843;24;;;12859;9;12861;20;;;12851.5;0.0
1;27900;ASH_COATED_OSMIUM;9992;14;9989;26;;;10008;12;;;;;10000.0;0.0
1;27900;INTARIAN_PEPPER_ROOT;12850;24;;;;;12860;10;12860;23;;;12851.0;0.0
1;28000;ASH_COATED_OSMIUM;9993;11;;;;;10010;14;10011;28;;;10000.5;0.0
1;28000;INTARIAN_PEPPER_ROOT;12844;11;;;;;12857;12;12861;18;;;12850.5;0.0
1;28100;ASH_COATED_OSMIUM;9998;14;;;;;10009;15;10012;28;;;10000.5;0.0
1;28100;INTARIAN_PEPPER_ROOT;12843;9;12841;21;;;12858;9;12855;15;;;12850.0;0.0
1;28200;ASH_COATED_OSMIUM;9993;15;9990;27;;;10009;15;;;;;10000.5;0.0
1;28200;INTARIAN_PEPPER_ROOT;12843;12;;;;;12856;12;;;;;12849.0;0.0
1;28300;ASH_COATED_OSMIUM;9993;15;9989;29;;;10009;11;10012;22;;;10000.5;0.0
1;28300;INTARIAN_PEPPER_ROOT;12842;10;12840;25;;;12855;11;;;;;12848.5;0.0
1;28400;ASH_COATED_OSMIUM;9992;13;;;;;10009;11;10012;26;;;10000.5;0.0
1;28400;INTARIAN_PEPPER_ROOT;12840;24;;;;;12855;9;;;;;12848.0;0.0
1;28500;ASH_COATED_OSMIUM;9994;12;9992;30;;;10010;15;10012;24;;;10001.5;0.0
1;28500;INTARIAN_PEPPER_ROOT;12847;12;;;;;12850;7;;;;;12847.5;0.0
1;28600;ASH_COATED_OSMIUM;9994;10;9990;29;;;10010;11;;;;;10001.5;0.0
1;28600;INTARIAN_PEPPER_ROOT;12841;17;;;;;12854;9;12856;11;;;12847.0;0.0
1;28700;ASH_COATED_OSMIUM;9994;15;9992;28;;;10010;15;10013;26;;;10001.5;0.0
1;28700;INTARIAN_PEPPER_ROOT;12840;9;;;;;12853;12;;;;;12846.5;0.0
1;28800;ASH_COATED_OSMIUM;9994;13;9988;11;;;10011;14;10012;22;;;10001.5;0.0
1;28800;INTARIAN_PEPPER_ROOT;12838;9;;;;;12853;8;12855;15;;;12846.0;0.0
1;28900;ASH_COATED_OSMIUM;9994;10;9991;22;;;10010;11;;;;;10001.5;0.0
1;28900;INTARIAN_PEPPER_ROOT;12840;8;;;;;12851;8;12855;20;;;12845.5;0.0
1;29000;ASH_COATED_OSMIUM;9993;10;9991;20;;;10009;15;10012;25;;;10001.0;0.0
1;29000;INTARIAN_PEPPER_ROOT;12840;9;;;;;12851;8;12854;17;;;12845.0;0.0
1;29100;ASH_COATED_OSMIUM;9992;11;9990;22;;;10008;12;;;;;10000.0;0.0
1;29100;INTARIAN_PEPPER_ROOT;12837;16;12841;23;;;12853;12;;;;;12844.5;0.0
1;29200;ASH_COATED_OSMIUM;9992;11;9990;29;;;10008;11;10010;24;;;10000.0;0.0
1;29200;INTARIAN_PEPPER_ROOT;12835;12;;;;;12850;8;12854;15;;;12844.0;0.0
1;29300;ASH_COATED_OSMIUM;9992;14;9990;24;;;10008;14;10010;26;;;10000.0;0.0
1;29300;INTARIAN_PEPPER_ROOT;12836;8;12836;23;;;12851;8;;;;;12843.5;0.0
1;29400;ASH_COATED_OSMIUM;9992;30;9990;29;;;10010;11;10010;27;;;10000.0;0.0
1;29400;INTARIAN_PEPPER_ROOT;12835;9;12835;20;;;12850;11;;;;;12843.0;0.0
1;29500;ASH_COATED_OSMIUM;9992;14;;;;;10008;13;10006;30;;;10000.0;0.0
1;29500;INTARIAN_PEPPER_ROOT;12835;12;12832;21;;;12845;11;;;12857;25;12842.0;0.0
1;29600;ASH_COATED_OSMIUM;9992;14;9989;29;;;10009;12;10011;30;;;10000.0;0.0
1;29600;INTARIAN_PEPPER_ROOT;12836;11;12833;22;;;12848;12;12850;24;;;12841.5;0.0
1;29700;ASH_COATED_OSMIUM;9993;10;9988;24;;;10009;12;;;;;10000.5;0.0
1;29700;INTARIAN_PEPPER_ROOT;12833;10;;;;;12848;19;;;;;12841.0;0.0
1;29800;ASH_COATED_OSMIUM;9993;14;;;;;10011;26;10012;20;;;10001.0;0.0
1;29800;INTARIAN_PEPPER_ROOT;12834;23;12831;21;;;12847;12;12851;16;;;12840.5;0.0
1;29900;ASH_COATED_OSMIUM;9993;14;;;;;10006;14;10012;23;;;10000.5;0.0
1;29900;INTARIAN_PEPPER_ROOT;12834;11;;;;;12847;12;12850;15;;;12840.0;0.0
1;30000;ASH_COATED_OSMIUM;9992;10;9990;20;;;10009;25;10012;20;;;10001.0;0.0
1;30000;INTARIAN_PEPPER_ROOT;12833;8;;;;;12845;11;;;;;12839.5;0.0
1;30100;ASH_COATED_OSMIUM;9993;14;9991;27;;;10010;10;10011;21;;;10000.5;0.0
1;30100;INTARIAN_PEPPER_ROOT;12833;17;12831;21;;;12846;11;12847;23;;;12839.0;0.0
1;30200;ASH_COATED_OSMIUM;9991;12;9988;12;;;10009;14;;;;;10000.5;0.0
1;30200;INTARIAN_PEPPER_ROOT;12831;9;;;;;12844;8;;;;;12838.5;0.0
1;30300;ASH_COATED_OSMIUM;9992;12;9990;21;;;10009;11;10011;25;;;10000.0;0.0
1;30300;INTARIAN_PEPPER_ROOT;12831;8;;;;;12845;8;;;;;12838.0;0.0
1;30400;ASH_COATED_OSMIUM;9991;15;;;;;10005;11;;;;;10000.0;0.0
1;30400;INTARIAN_PEPPER_ROOT;12831;9;;;;;12845;11;12845;23;;;12837.5;0.0
1;30500;ASH_COATED_OSMIUM;9992;14;;;;;10008;11;;;;;10000.0;0.0
1;30500;INTARIAN_PEPPER_ROOT;12830;9;12828;22;;;12843;17;;;;;12836.5;0.0
1;30600;ASH_COATED_OSMIUM;9990;13;9989;24;;;10007;12;10010;21;;;9999.0;0.0
1;30600;INTARIAN_PEPPER_ROOT;12830;21;12827;19;;;12842;10;;;;;12836.0;0.0
1;30700;ASH_COATED_OSMIUM;9990;13;9988;24;;;10006;10;10010;27;;;9998.5;0.0
1;30700;INTARIAN_PEPPER_ROOT;12829;9;;;;;12844;12;;;;;12835.5;0.0
1;30800;ASH_COATED_OSMIUM;9991;26;9987;22;;;10007;13;;;;;9998.5;0.0
1;30800;INTARIAN_PEPPER_ROOT;12829;12;;;;;12841;9;12844;25;;;12835.0;0.0
1;30900;ASH_COATED_OSMIUM;9991;11;9987;12;;;10007;10;10009;26;;;9998.5;0.0
1;30900;INTARIAN_PEPPER_ROOT;12828;9;12826;18;;;12841;8;12845;20;;;12834.5;0.0
1;31000;ASH_COATED_OSMIUM;9991;2;;;;;10004;20;10010;20;;;9998.5;0.0
1;31000;INTARIAN_PEPPER_ROOT;12828;10;;;;;12840;10;;;;;12834.0;0.0
1;31100;ASH_COATED_OSMIUM;9990;15;;;;;10007;11;10008;28;;;9998.0;0.0
1;31100;INTARIAN_PEPPER_ROOT;12827;19;12823;23;;;12842;11;;;;;12833.5;0.0
1;31200;ASH_COATED_OSMIUM;9990;15;9987;20;;;10006;14;10008;22;;;9998.0;0.0
1;31200;INTARIAN_PEPPER_ROOT;12827;23;12823;21;;;12841;9;12842;20;;;12833.0;0.0
1;31300;ASH_COATED_OSMIUM;9990;10;;;;;10006;13;10009;11;;;9998.0;0.0
1;31300;INTARIAN_PEPPER_ROOT;12824;12;12824;24;;;12839;12;12841;24;;;12832.5;0.0
1;31400;ASH_COATED_OSMIUM;9990;11;9987;27;;;10007;13;10008;10;;;9998.0;0.0
1;31400;INTARIAN_PEPPER_ROOT;12826;11;;;;;12840;12;;;;;12832.0;0.0
1;31500;ASH_COATED_OSMIUM;9989;12;9988;22;;;10006;15;10010;26;;;9998.0;0.0
1;31500;INTARIAN_PEPPER_ROOT;12825;9;12821;24;;;12839;11;;;;;12831.5;0.0
1;31600;ASH_COATED_OSMIUM;9989;11;9988;29;;;10008;14;;;;;9998.5;0.0
1;31600;INTARIAN_PEPPER_ROOT;12825;12;;;;;12838;8;12841;17;;;12831.0;0.0
1;31700;ASH_COATED_OSMIUM;9991;11;9989;20;;;10007;20;;;;;9998.5;0.0
1;31700;INTARIAN_PEPPER_ROOT;12825;12;12822;20;;;12837;10;12840;25;;;12830.5;0.0
1;31800;ASH_COATED_OSMIUM;9989;11;;;;;10007;15;;;10013;28;9998.5;0.0
1;31800;INTARIAN_PEPPER_ROOT;12824;11;12822;24;;;12836;11;12840;19;;;12829.5;0.0
1;31900;ASH_COATED_OSMIUM;9990;10;9989;23;;;10009;13;10010;28;;;9999.0;0.0
1;31900;INTARIAN_PEPPER_ROOT;12821;10;12819;17;;;12837;9;12839;24;;;12829.0;0.0
1;32000;ASH_COATED_OSMIUM;9994;14;9988;24;;;10007;14;;;;;9999.0;0.0
1;32000;INTARIAN_PEPPER_ROOT;12823;11;;;;;12835;12;12837;22;;;12828.5;0.0
1;32100;ASH_COATED_OSMIUM;9992;12;9989;23;;;10008;14;10012;27;10014;20;10000.0;0.0
1;32100;INTARIAN_PEPPER_ROOT;12822;17;;;;;12830;16;12837;20;;;12828.0;0.0
1;32200;ASH_COATED_OSMIUM;9994;15;9988;26;;;10007;15;10010;21;;;9999.0;0.0
1;32200;INTARIAN_PEPPER_ROOT;12820;11;12817;23;;;12836;8;12840;15;;;12827.5;0.0
1;32300;ASH_COATED_OSMIUM;9992;12;;;;;10008;12;10010;25;;;10000.0;0.0
1;32300;INTARIAN_PEPPER_ROOT;12820;10;12818;24;;;12836;8;12837;16;;;12827.0;0.0
1;32400;ASH_COATED_OSMIUM;9992;14;9991;22;;;10009;22;10011;27;;;10001.0;0.0
1;32400;INTARIAN_PEPPER_ROOT;12820;10;12817;16;;;12834;9;12835;18;;;12826.5;0.0
1;32500;ASH_COATED_OSMIUM;9996;24;;;;;10008;15;10012;24;;;10000.0;0.0
1;32500;INTARIAN_PEPPER_ROOT;12818;8;;;;;12833;21;12835;16;;;12826.0;0.0
1;32600;ASH_COATED_OSMIUM;9993;12;9994;27;;;10009;13;10012;27;;;10001.0;0.0
1;32600;INTARIAN_PEPPER_ROOT;12824;23;12816;18;;;12831;25;12834;22;;;12825.5;0.0
1;32700;ASH_COATED_OSMIUM;9993;10;9991;21;;;10009;27;;;;;10000.5;0.0
1;32700;INTARIAN_PEPPER_ROOT;12818;9;12817;24;;;12832;10;12833;20;;;12825.0;0.0
1;32800;ASH_COATED_OSMIUM;9992;15;;;;;10011;12;;;;;10001.0;0.0
1;32800;INTARIAN_PEPPER_ROOT;12819;9;12814;20;;;12831;10;12837;19;;;12824.5;0.0
1;32900;ASH_COATED_OSMIUM;9992;15;9991;26;;;10009;14;10011;21;;;10001.0;0.0
1;32900;INTARIAN_PEPPER_ROOT;12817;10;12814;19;;;12832;11;12833;23;;;12823.5;0.0
1;33000;ASH_COATED_OSMIUM;9991;10;;;;;10005;22;;;;;10000.0;0.0
1;33000;INTARIAN_PEPPER_ROOT;12817;12;12814;22;;;12831;10;12832;18;;;12823.0;0.0
1;33100;ASH_COATED_OSMIUM;9992;12;9989;26;;;10008;13;10011;22;;;10000.0;0.0
1;33100;INTARIAN_PEPPER_ROOT;12816;21;12811;24;;;12830;11;12832;16;;;12822.5;0.0
1;33200;ASH_COATED_OSMIUM;9992;14;9995;21;;;10008;13;10011;27;;;10000.0;0.0
1;33200;INTARIAN_PEPPER_ROOT;12815;9;12813;15;;;12829;8;;;;;12822.0;0.0
1;33300;ASH_COATED_OSMIUM;9992;26;9989;24;;;10008;21;10010;25;;;10000.0;0.0
1;33300;INTARIAN_PEPPER_ROOT;12816;10;12811;19;;;12827;8;;;;;12821.5;0.0
1;33400;ASH_COATED_OSMIUM;9991;11;9988;26;;;10007;24;10011;24;;;9999.0;0.0
1;33400;INTARIAN_PEPPER_ROOT;12815;17;12811;19;;;12827;9;12829;21;;;12821.0;0.0
1;33500;ASH_COATED_OSMIUM;9992;22;;;;;10008;11;;;;;9999.5;0.0
1;33500;INTARIAN_PEPPER_ROOT;12816;8;12812;15;;;12828;8;12831;17;;;12820.5;0.0
1;33600;ASH_COATED_OSMIUM;9992;12;9988;24;;;10008;14;;;;;9999.5;0.0
1;33600;INTARIAN_PEPPER_ROOT;12814;10;;;;;12826;10;12829;15;;;12820.0;0.0
1;33700;ASH_COATED_OSMIUM;9991;13;9988;11;;;10004;10;10009;30;;;9999.0;0.0
1;33700;INTARIAN_PEPPER_ROOT;12814;12;12809;24;;;12826;8;12828;25;;;12819.5;0.0
1;33800;ASH_COATED_OSMIUM;9991;12;9988;14;;;10007;14;10010;30;;;9999.0;0.0
1;33800;INTARIAN_PEPPER_ROOT;12813;11;;;;;12825;10;;;;;12819.0;0.0
1;33900;ASH_COATED_OSMIUM;9992;14;9990;20;;;10008;10;10010;27;;;9999.5;0.0
1;33900;INTARIAN_PEPPER_ROOT;12812;10;;;;;12825;9;12829;15;;;12818.5;0.0
1;34000;ASH_COATED_OSMIUM;9992;15;9989;25;;;10003;15;;;;;10000.0;0.0
1;34000;INTARIAN_PEPPER_ROOT;12811;11;12808;16;;;12825;10;12827;15;;;12817.5;0.0
1;34100;ASH_COATED_OSMIUM;9997;26;9990;29;;;10008;15;10011;24;;;9999.5;0.0
1;34100;INTARIAN_PEPPER_ROOT;12812;11;12807;23;;;12824;24;12826;20;;;12817.0;0.0
1;34200;ASH_COATED_OSMIUM;9992;15;;;;;10008;11;;;;;9999.5;0.0
1;34200;INTARIAN_PEPPER_ROOT;12811;10;12809;16;;;12823;8;;;;;12816.5;0.0
1;34300;ASH_COATED_OSMIUM;9992;13;;;;;10010;21;10011;30;;;10000.0;0.0
1;34300;INTARIAN_PEPPER_ROOT;12809;10;;;;;12825;12;12824;25;;;12816.0;0.0
1;34400;ASH_COATED_OSMIUM;9995;10;9989;30;;;10008;13;10011;12;;;10000.0;0.0
1;34400;INTARIAN_PEPPER_ROOT;12810;10;12805;19;;;12823;17;;;;;12815.5;0.0
1;34500;ASH_COATED_OSMIUM;9992;12;9995;28;;;10008;12;;;;;9999.5;0.0
1;34500;INTARIAN_PEPPER_ROOT;12809;10;12805;24;;;12822;23;12825;21;;;12815.0;0.0
1;34600;ASH_COATED_OSMIUM;9991;11;;;;;10008;6;;;;;10000.0;0.0
1;34600;INTARIAN_PEPPER_ROOT;12814;11;12804;19;;;12820;23;12823;19;;;12814.5;0.0
1;34700;ASH_COATED_OSMIUM;9992;15;;;;;10003;11;10012;29;;;10000.0;0.0
1;34700;INTARIAN_PEPPER_ROOT;12809;9;12804;17;;;12821;10;12824;19;;;12814.0;0.0
1;34800;ASH_COATED_OSMIUM;9992;13;;;;;10006;14;10011;23;;;9999.5;0.0
1;34800;INTARIAN_PEPPER_ROOT;12807;9;;;;;12820;11;12825;18;;;12813.5;0.0
1;34900;ASH_COATED_OSMIUM;9992;12;9990;21;;;10008;23;;;;;9999.5;0.0
1;34900;INTARIAN_PEPPER_ROOT;12806;19;12805;21;;;12819;11;;;;;12813.0;0.0
1;35000;ASH_COATED_OSMIUM;9992;27;9989;26;;;10008;14;10012;23;;;9999.5;0.0
1;35000;INTARIAN_PEPPER_ROOT;12805;12;12805;23;;;12819;8;;;;;12812.5;0.0
1;35100;ASH_COATED_OSMIUM;9992;15;9990;24;;;10008;15;10010;20;;;9999.5;0.0
1;35100;INTARIAN_PEPPER_ROOT;12806;12;;;;;12819;10;;;;;12812.0;0.0
1;35200;ASH_COATED_OSMIUM;9989;10;9989;26;;;10010;13;;;;;9999.0;0.0
1;35200;INTARIAN_PEPPER_ROOT;12805;12;12802;15;;;12817;9;12821;18;;;12811.0;0.0
1;35300;ASH_COATED_OSMIUM;9991;25;;;;;10007;11;10010;21;;;9998.5;0.0
1;35300;INTARIAN_PEPPER_ROOT;12804;22;12801;18;;;12819;12;12820;20;;;12810.5;0.0
1;35400;ASH_COATED_OSMIUM;9989;12;;;;;10008;21;;;;;9998.5;0.0
1;35400;INTARIAN_PEPPER_ROOT;12804;9;12800;25;;;12818;10;12820;19;;;12810.0;0.0
1;35500;ASH_COATED_OSMIUM;9991;12;9989;27;;;10007;11;;;;;9999.0;0.0
1;35500;INTARIAN_PEPPER_ROOT;12802;11;;;;;12816;12;12820;21;;;12809.5;0.0
1;35600;ASH_COATED_OSMIUM;9994;22;;;;;10006;2;;;;;9998.0;0.0
1;35600;INTARIAN_PEPPER_ROOT;12804;8;12801;25;;;12816;11;;;;;12809.0;0.0
1;35700;ASH_COATED_OSMIUM;9991;10;9989;27;;;10007;25;10009;28;10014;20;9998.5;0.0
1;35700;INTARIAN_PEPPER_ROOT;12803;19;12800;20;;;12814;11;12818;24;;;12808.5;0.0
1;35800;ASH_COATED_OSMIUM;9994;14;;;;;10007;13;10010;10;10016;27;9998.5;0.0
1;35800;INTARIAN_PEPPER_ROOT;12802;20;12798;23;;;12815;10;12818;15;;;12808.0;0.0
1;35900;ASH_COATED_OSMIUM;9989;15;;;;;10007;13;;;;;9998.5;0.0
1;35900;INTARIAN_PEPPER_ROOT;12801;8;;;;;12814;24;12817;20;;;12807.5;0.0
1;36000;ASH_COATED_OSMIUM;9991;27;9989;23;;;10007;13;10011;28;;;9998.5;0.0
1;36000;INTARIAN_PEPPER_ROOT;12802;9;12798;24;;;12813;9;12816;20;;;12807.0;0.0
1;36100;ASH_COATED_OSMIUM;9991;14;9987;12;;;10008;10;;;;;9998.5;0.0
1;36100;INTARIAN_PEPPER_ROOT;12800;9;12799;15;;;12814;9;12815;24;;;12806.5;0.0
1;36200;ASH_COATED_OSMIUM;9990;10;9989;25;;;10010;11;;;;;9999.0;0.0
1;36200;INTARIAN_PEPPER_ROOT;12800;12;12799;17;;;12813;10;12816;19;;;12806.0;0.0
1;36300;ASH_COATED_OSMIUM;9991;3;;;;;10009;14;;;;;9999.0;0.0
1;36300;INTARIAN_PEPPER_ROOT;12799;8;12796;18;;;12813;12;12815;10;;;12805.5;0.0
1;36400;ASH_COATED_OSMIUM;9991;14;;;;;10008;13;;;;;9998.5;0.0
1;36400;INTARIAN_PEPPER_ROOT;12799;9;;;;;12812;25;12814;11;;;12804.5;0.0
1;36500;ASH_COATED_OSMIUM;9991;24;9989;28;;;10007;10;10010;22;;;9998.5;0.0
1;36500;INTARIAN_PEPPER_ROOT;12798;22;12795;19;;;12806;24;;;;;12804.0;0.0
1;36600;ASH_COATED_OSMIUM;9991;13;9989;20;;;10008;13;;;;;9999.0;0.0
1;36600;INTARIAN_PEPPER_ROOT;12796;8;;;;;12810;12;12812;20;;;12803.5;0.0
1;36700;ASH_COATED_OSMIUM;9991;13;9989;24;;;10007;21;10012;29;;;9999.0;0.0
1;36700;INTARIAN_PEPPER_ROOT;12796;8;12793;16;;;12812;12;12812;19;;;12803.0;0.0
1;36800;ASH_COATED_OSMIUM;9990;13;9986;20;;;10006;14;;;;;9998.0;0.0
1;36800;INTARIAN_PEPPER_ROOT;12797;10;;;;;12809;12;;;;;12802.5;0.0
1;36900;ASH_COATED_OSMIUM;9991;14;9988;28;;;10007;12;10007;22;;;9999.0;0.0
1;36900;INTARIAN_PEPPER_ROOT;12796;8;12794;25;;;12808;9;12812;21;;;12802.0;0.0
1;37000;ASH_COATED_OSMIUM;9991;10;9988;21;;;10007;20;;;;;9998.5;0.0
1;37000;INTARIAN_PEPPER_ROOT;12794;8;;;;;12810;16;12810;16;;;12801.5;0.0
1;37100;ASH_COATED_OSMIUM;9996;10;9988;29;;;10008;14;10009;28;;;9998.5;0.0
1;37100;INTARIAN_PEPPER_ROOT;12796;11;12793;20;;;12809;12;;;;;12801.0;0.0
1;37200;ASH_COATED_OSMIUM;9990;10;9988;26;;;10006;15;;;;;9998.0;0.0
1;37200;INTARIAN_PEPPER_ROOT;12793;8;12791;23;;;12806;9;;;;;12800.5;0.0
1;37300;ASH_COATED_OSMIUM;9991;27;9988;20;;;10007;20;10005;22;;;9998.5;0.0
1;37300;INTARIAN_PEPPER_ROOT;12792;12;12791;16;;;12802;10;;;;;12800.0;0.0
1;37400;ASH_COATED_OSMIUM;9991;11;;;;;10007;10;10009;28;;;9998.5;0.0
1;37400;INTARIAN_PEPPER_ROOT;12793;8;;;12787;20;12806;10;12808;15;;;12799.5;0.0
1;37500;ASH_COATED_OSMIUM;9991;7;9987;24;;;10007;21;10010;22;;;9998.5;0.0
1;37500;INTARIAN_PEPPER_ROOT;12794;12;;;;;12805;9;12808;21;;;12799.0;0.0
1;37600;ASH_COATED_OSMIUM;9989;14;9989;27;;;10008;12;;;;;9998.5;0.0
1;37600;INTARIAN_PEPPER_ROOT;12792;10;;;;;12805;10;12807;17;;;12798.0;0.0
1;37700;ASH_COATED_OSMIUM;9989;12;9988;22;;;10008;15;10009;30;;;9998.5;0.0
1;37700;INTARIAN_PEPPER_ROOT;12789;10;12788;16;;;12805;25;12807;23;;;12797.5;0.0
1;37800;ASH_COATED_OSMIUM;9987;5;;;;;10003;11;;;;;9997.5;0.0
1;37800;INTARIAN_PEPPER_ROOT;12796;11;;;;;12805;11;;;12810;17;12797.0;0.0
1;37900;ASH_COATED_OSMIUM;9991;25;9988;29;;;10007;14;;;;;9998.5;0.0
1;37900;INTARIAN_PEPPER_ROOT;12790;9;12786;23;;;12804;11;12804;21;;;12796.5;0.0
1;38000;ASH_COATED_OSMIUM;9991;23;9989;26;;;10007;7;10009;28;;;9999.0;0.0
1;38000;INTARIAN_PEPPER_ROOT;12790;8;;;;;12802;8;12808;12;;;12796.0;0.0
1;38100;ASH_COATED_OSMIUM;9991;10;9993;20;;;10008;12;10011;25;;;10000.0;0.0
1;38100;INTARIAN_PEPPER_ROOT;12789;9;;;;;12803;10;;;;;12795.5;0.0
1;38200;ASH_COATED_OSMIUM;9991;29;9989;26;;;10008;12;10010;21;;;9999.5;0.0
1;38200;INTARIAN_PEPPER_ROOT;12789;9;;;;;12803;10;12804;18;;;12795.0;0.0
1;38300;ASH_COATED_OSMIUM;9991;13;9988;25;;;10008;28;10011;23;;;10000.0;0.0
1;38300;INTARIAN_PEPPER_ROOT;12789;19;12787;24;;;12801;10;12803;18;;;12794.5;0.0
1;38400;ASH_COATED_OSMIUM;9991;11;9990;23;9985;22;10008;12;10010;26;;;10000.0;0.0
1;38400;INTARIAN_PEPPER_ROOT;12788;9;12784;19;;;12803;22;;;;;12794.0;0.0
1;38500;ASH_COATED_OSMIUM;9992;10;;;;;10005;5;10011;27;;;10000.0;0.0
1;38500;INTARIAN_PEPPER_ROOT;12792;16;12785;21;;;12800;11;12803;16;;;12793.5;0.0
1;38600;ASH_COATED_OSMIUM;9992;14;9989;23;;;10008;14;;;;;10000.0;0.0
1;38600;INTARIAN_PEPPER_ROOT;12785;11;;;;;12800;4;;;;;12793.0;0.0
1;38700;ASH_COATED_OSMIUM;9992;14;;;;;10008;24;;;;;10000.0;0.0
1;38700;INTARIAN_PEPPER_ROOT;12786;8;12784;22;;;12799;8;12802;19;;;12792.5;0.0
1;38800;ASH_COATED_OSMIUM;9993;29;9990;22;9988;20;10011;14;10012;20;;;10000.5;0.0
1;38800;INTARIAN_PEPPER_ROOT;12785;20;12784;25;;;12798;10;12802;19;;;12791.5;0.0
1;38900;ASH_COATED_OSMIUM;9993;15;;;;;10009;13;10012;28;;;10000.5;0.0
1;38900;INTARIAN_PEPPER_ROOT;12785;10;;;;;12797;11;12796;16;;;12791.0;0.0
1;39000;ASH_COATED_OSMIUM;9993;28;9988;22;;;10009;15;10015;24;;;10001.0;0.0
1;39000;INTARIAN_PEPPER_ROOT;12785;9;12781;18;;;12797;20;12801;25;;;12790.5;0.0
1;39100;ASH_COATED_OSMIUM;9991;2;9990;27;;;10006;23;10012;23;;;10001.5;0.0
1;39100;INTARIAN_PEPPER_ROOT;12785;9;;;;;12796;9;12799;17;;;12790.0;0.0
1;39200;ASH_COATED_OSMIUM;9994;14;9989;21;;;10011;13;10013;27;;;10001.5;0.0
1;39200;INTARIAN_PEPPER_ROOT;12784;25;12780;19;;;12797;8;12801;15;;;12789.5;0.0
1;39300;ASH_COATED_OSMIUM;9994;14;;;;;10010;23;;;;;10001.5;0.0
1;39300;INTARIAN_PEPPER_ROOT;12783;9;12781;25;;;12795;9;;;;;12789.0;0.0
1;39400;ASH_COATED_OSMIUM;9994;26;9992;30;;;10010;21;10009;26;;;10001.5;0.0
1;39400;INTARIAN_PEPPER_ROOT;12782;9;;;;;12795;16;;;;;12788.5;0.0
1;39500;ASH_COATED_OSMIUM;9992;12;;;;;10010;14;10014;29;;;10001.5;0.0
1;39500;INTARIAN_PEPPER_ROOT;12782;8;12779;21;;;12794;19;12798;24;;;12788.0;0.0
1;39600;ASH_COATED_OSMIUM;9998;13;9990;27;;;10005;15;;;;;10001.0;0.0
1;39600;INTARIAN_PEPPER_ROOT;12781;12;12778;25;;;12794;5;;;;;12787.5;0.0
1;39700;ASH_COATED_OSMIUM;9994;15;9992;24;9985;27;10011;10;10013;22;;;10001.5;0.0
1;39700;INTARIAN_PEPPER_ROOT;12779;21;12778;19;;;12796;9;12796;20;;;12787.0;0.0
1;39800;ASH_COATED_OSMIUM;9993;15;;;;;10012;20;10013;22;;;10002.0;0.0
1;39800;INTARIAN_PEPPER_ROOT;12780;11;12776;23;;;12792;12;12796;18;;;12786.5;0.0
1;39900;ASH_COATED_OSMIUM;9994;25;9992;25;;;10012;22;10013;21;;;10003.0;0.0
1;39900;INTARIAN_PEPPER_ROOT;12780;9;12774;15;;;12793;8;12796;20;;;12786.0;0.0
1;40000;ASH_COATED_OSMIUM;9995;30;9993;27;;;10011;21;10014;30;;;10002.5;0.0
1;40000;INTARIAN_PEPPER_ROOT;12779;12;12774;23;;;12794;24;12796;25;;;12785.5;0.0
1;40100;ASH_COATED_OSMIUM;9995;29;9992;26;;;10011;15;;;;;10003.0;0.0
1;40100;INTARIAN_PEPPER_ROOT;12779;9;12776;19;;;12790;17;12796;25;;;12784.5;0.0
1;40200;ASH_COATED_OSMIUM;9995;14;9993;25;;;10011;27;;;;;10003.0;0.0
1;40200;INTARIAN_PEPPER_ROOT;12783;10;12775;23;;;12790;11;12794;16;;;12784.0;0.0
1;40300;ASH_COATED_OSMIUM;9995;2;9993;26;;;10012;11;10014;21;;;10002.5;0.0
1;40300;INTARIAN_PEPPER_ROOT;12778;23;12778;22;;;12794;8;12788;25;;;12783.5;0.0
1;40400;ASH_COATED_OSMIUM;9994;13;;;;;10011;12;10013;27;;;10002.5;0.0
1;40400;INTARIAN_PEPPER_ROOT;12774;10;12772;17;;;12790;21;12792;16;;;12783.0;0.0
1;40500;ASH_COATED_OSMIUM;9994;14;;;;;10010;15;10014;30;;;10002.0;0.0
1;40500;INTARIAN_PEPPER_ROOT;12776;11;12773;23;;;12790;10;12793;17;;;12782.5;0.0
1;40600;ASH_COATED_OSMIUM;9994;24;9990;12;;;10012;14;10013;24;;;10002.0;0.0
1;40600;INTARIAN_PEPPER_ROOT;12776;10;12773;15;;;12787;12;12791;17;;;12782.0;0.0
1;40700;ASH_COATED_OSMIUM;9992;30;9990;23;;;10010;10;10013;30;;;10001.0;0.0
1;40700;INTARIAN_PEPPER_ROOT;12773;10;12773;20;;;12788;9;;;;;12781.5;0.0
1;40800;ASH_COATED_OSMIUM;9993;12;;;;;10004;14;10012;26;;;10000.5;0.0
1;40800;INTARIAN_PEPPER_ROOT;12773;11;12774;16;;;12789;11;;;;;12781.0;0.0
1;40900;ASH_COATED_OSMIUM;9993;13;;;;;10009;12;10011;28;;;10001.0;0.0
1;40900;INTARIAN_PEPPER_ROOT;12774;11;12771;21;;;12788;9;;;;;12780.5;0.0
1;41000;ASH_COATED_OSMIUM;9993;10;9991;28;;;10009;30;10011;29;;;10001.0;0.0
1;41000;INTARIAN_PEPPER_ROOT;12774;11;12773;23;;;12789;10;;;;;12780.0;0.0
1;41100;ASH_COATED_OSMIUM;9993;12;9990;20;;;10009;11;10012;30;;;10000.5;0.0
1;41100;INTARIAN_PEPPER_ROOT;12772;12;12770;22;;;12786;10;12790;16;;;12779.5;0.0
1;41200;ASH_COATED_OSMIUM;9992;10;9990;28;;;10008;13;10011;28;;;10000.0;0.0
1;41200;INTARIAN_PEPPER_ROOT;12777;10;12768;15;;;12785;9;12788;21;;;12778.5;0.0
1;41300;ASH_COATED_OSMIUM;9991;9;9989;26;;;10007;15;10009;26;;;9999.0;0.0
1;41300;INTARIAN_PEPPER_ROOT;12771;9;;;;;12785;15;12787;16;;;12778.0;0.0
1;41400;ASH_COATED_OSMIUM;9992;13;9989;24;;;10008;12;10011;24;;;9999.5;0.0
1;41400;INTARIAN_PEPPER_ROOT;12772;15;;;;;12784;10;;;;;12777.5;0.0
1;41500;ASH_COATED_OSMIUM;9991;14;;;;;10007;13;;;;;9999.0;0.0
1;41500;INTARIAN_PEPPER_ROOT;12770;9;;;;;12783;11;12785;25;;;12777.0;0.0
1;41600;ASH_COATED_OSMIUM;9992;26;9989;28;;;10008;10;10011;29;;;9999.5;0.0
1;41600;INTARIAN_PEPPER_ROOT;12771;12;;;;;12783;11;12785;18;;;12776.5;0.0
1;41700;ASH_COATED_OSMIUM;9992;10;;;;;10009;8;10010;29;;;10000.0;0.0
1;41700;INTARIAN_PEPPER_ROOT;12770;10;12767;21;;;12783;8;;;;;12776.0;0.0
1;41800;ASH_COATED_OSMIUM;9992;24;;;;;10010;10;;;;;10000.5;0.0
1;41800;INTARIAN_PEPPER_ROOT;12769;10;12765;23;;;12784;18;12785;23;;;12775.5;0.0
1;41900;ASH_COATED_OSMIUM;9992;13;9988;26;;;10008;29;10010;21;;;9999.5;0.0
1;41900;INTARIAN_PEPPER_ROOT;12769;10;12766;16;;;12781;11;;;;;12775.0;0.0
1;42000;ASH_COATED_OSMIUM;9992;15;9989;25;;;10008;14;;;;;9999.5;0.0
1;42000;INTARIAN_PEPPER_ROOT;12771;20;12766;18;;;12781;8;;;;;12774.5;0.0
1;42100;ASH_COATED_OSMIUM;9992;10;9987;28;;;10008;26;10011;29;;;9999.5;0.0
1;42100;INTARIAN_PEPPER_ROOT;12768;12;12766;24;;;12780;24;;;;;12774.0;0.0
1;42200;ASH_COATED_OSMIUM;9991;13;9984;21;;;10007;26;;;;;9999.0;0.0
1;42200;INTARIAN_PEPPER_ROOT;12767;18;12764;15;;;12779;9;12784;24;;;12773.5;0.0
1;42300;ASH_COATED_OSMIUM;9992;30;;;;;10008;21;;;;;9999.5;0.0
1;42300;INTARIAN_PEPPER_ROOT;12765;12;;;;;12780;11;;;;;12773.0;0.0
1;42400;ASH_COATED_OSMIUM;9992;30;9990;30;;;10008;14;10011;22;;;9999.5;0.0
1;42400;INTARIAN_PEPPER_ROOT;12766;12;12764;23;;;12781;9;12783;16;12787;23;12772.5;0.0
1;42500;ASH_COATED_OSMIUM;9992;10;;;;;10005;11;10013;20;;;9999.5;0.0
1;42500;INTARIAN_PEPPER_ROOT;12766;23;;;;;12778;9;;;;;12771.5;0.0
1;42600;ASH_COATED_OSMIUM;9992;14;9988;23;;;10008;11;10010;24;;;9999.5;0.0
1;42600;INTARIAN_PEPPER_ROOT;12765;8;12763;22;;;12779;10;12783;20;;;12771.0;0.0
1;42700;ASH_COATED_OSMIUM;9992;14;9990;25;;;10008;12;10011;23;;;10000.0;0.0
1;42700;INTARIAN_PEPPER_ROOT;12762;6;12759;11;;;12778;22;12779;18;;;12770.5;0.0
1;42800;ASH_COATED_OSMIUM;9994;15;;;;;10008;13;10011;27;;;9999.5;0.0
1;42800;INTARIAN_PEPPER_ROOT;12764;8;12760;25;;;12777;12;12780;22;;;12770.0;0.0
1;42900;ASH_COATED_OSMIUM;9989;13;;;;;10008;25;;;;;9999.5;0.0
1;42900;INTARIAN_PEPPER_ROOT;12765;9;12760;23;;;12776;10;12778;18;;;12769.5;0.0
1;43000;ASH_COATED_OSMIUM;9990;25;9989;28;;;10008;15;;;;;9999.5;0.0
1;43000;INTARIAN_PEPPER_ROOT;12763;6;12761;15;;;12775;8;12780;21;;;12769.0;0.0
1;43100;ASH_COATED_OSMIUM;9992;30;9989;28;;;10004;13;;;;;10000.5;0.0
1;43100;INTARIAN_PEPPER_ROOT;12763;9;12759;22;;;12775;24;12777;17;;;12768.5;0.0
1;43200;ASH_COATED_OSMIUM;9992;15;9996;15;;;10005;13;10011;22;;;10000.5;0.0
1;43200;INTARIAN_PEPPER_ROOT;12760;11;12758;16;;;12776;20;12777;19;;;12768.0;0.0
1;43300;ASH_COATED_OSMIUM;9991;10;9989;24;;;10009;11;10012;24;;;10000.5;0.0
1;43300;INTARIAN_PEPPER_ROOT;12761;18;12755;17;;;12774;9;;;;;12767.5;0.0
1;43400;ASH_COATED_OSMIUM;9992;13;9989;24;;;10008;10;;;;;10000.0;0.0
1;43400;INTARIAN_PEPPER_ROOT;12765;9;;;;;12773;20;;;;;12767.0;0.0
1;43500;ASH_COATED_OSMIUM;9992;10;;;9987;30;10008;14;10011;21;;;10000.0;0.0
1;43500;INTARIAN_PEPPER_ROOT;12758;12;;;;;12773;10;12777;20;;;12766.5;0.0
1;43600;ASH_COATED_OSMIUM;9992;15;;;;;10008;15;10011;27;;;9999.5;0.0
1;43600;INTARIAN_PEPPER_ROOT;12758;16;;;;;12772;10;12778;24;;;12766.0;0.0
1;43700;ASH_COATED_OSMIUM;9991;13;;;;;10007;10;10009;20;;;9999.0;0.0
1;43700;INTARIAN_PEPPER_ROOT;12759;9;12759;15;;;12773;8;12774;19;;;12765.5;0.0
1;43800;ASH_COATED_OSMIUM;9991;13;9988;30;;;10007;15;;;;;9999.0;0.0
1;43800;INTARIAN_PEPPER_ROOT;12758;11;;;;;12773;11;12774;15;;;12764.5;0.0
1;43900;ASH_COATED_OSMIUM;9991;21;9986;26;;;10007;13;10010;24;;;9998.5;0.0
1;43900;INTARIAN_PEPPER_ROOT;12757;10;12755;12;;;12771;8;;;;;12764.0;0.0
1;44000;ASH_COATED_OSMIUM;9991;26;9988;25;;;10007;15;10009;23;;;9998.5;0.0
1;44000;INTARIAN_PEPPER_ROOT;12758;12;;;;;12770;12;12773;24;;;12763.5;0.0
1;44100;ASH_COATED_OSMIUM;9991;13;9985;30;;;10008;26;;;10013;27;9998.5;0.0
1;44100;INTARIAN_PEPPER_ROOT;12756;8;;;;;12770;11;12773;20;;;12763.0;0.0
1;44200;ASH_COATED_OSMIUM;9991;21;9988;24;;;10007;11;10009;21;;;9998.5;0.0
1;44200;INTARIAN_PEPPER_ROOT;12757;10;12754;15;;;12771;11;12771;22;;;12762.5;0.0
1;44300;ASH_COATED_OSMIUM;9991;10;9989;27;;;10008;24;;;;;9998.5;0.0
1;44300;INTARIAN_PEPPER_ROOT;12755;11;;;;;12769;7;;;;;12762.0;0.0
1;44400;ASH_COATED_OSMIUM;9991;14;9988;20;;;10009;12;10009;20;;;9999.0;0.0
1;44400;INTARIAN_PEPPER_ROOT;12756;11;12752;16;;;12769;11;12771;22;;;12761.5;0.0
1;44500;ASH_COATED_OSMIUM;9990;5;9988;28;;;10007;13;;;;;9999.0;0.0
1;44500;INTARIAN_PEPPER_ROOT;12754;9;;;;;12770;11;12771;23;;;12761.0;0.0
1;44600;ASH_COATED_OSMIUM;9991;10;;;;;10007;15;10009;22;;;9999.0;0.0
1;44600;INTARIAN_PEPPER_ROOT;12754;10;;;;;12768;12;12770;23;;;12760.5;0.0
1;44700;ASH_COATED_OSMIUM;9991;12;9992;29;;;10009;12;10012;24;;;9999.0;0.0
1;44700;INTARIAN_PEPPER_ROOT;12754;10;12751;18;;;12764;9;;;;;12760.0;0.0
1;44800;ASH_COATED_OSMIUM;9991;13;;;;;10007;11;;;;;9999.0;0.0
1;44800;INTARIAN_PEPPER_ROOT;12754;10;;;;;12766;8;12768;25;;;12759.5;0.0
1;44900;ASH_COATED_OSMIUM;9990;14;9989;22;;;10008;12;10010;25;;;9999.5;0.0
1;44900;INTARIAN_PEPPER_ROOT;12753;11;12750;22;;;12764;8;12768;19;;;12758.5;0.0
1;45000;ASH_COATED_OSMIUM;9992;15;;;;;10008;15;10010;21;;;9999.5;0.0
1;45000;INTARIAN_PEPPER_ROOT;12751;9;12750;23;;;12765;18;12768;21;;;12758.0;0.0
1;45100;ASH_COATED_OSMIUM;9990;14;;;;;10007;11;;;;;9999.0;0.0
1;45100;INTARIAN_PEPPER_ROOT;12750;11;;;;;12764;9;12767;22;;;12757.5;0.0
1;45200;ASH_COATED_OSMIUM;9992;11;9989;26;;;10008;14;10010;22;;;9999.5;0.0
1;45200;INTARIAN_PEPPER_ROOT;12751;8;12746;21;;;12763;12;;;;;12757.0;0.0
1;45300;ASH_COATED_OSMIUM;9992;10;9990;23;;;10008;14;;;10014;30;10000.0;0.0
1;45300;INTARIAN_PEPPER_ROOT;12751;10;12749;19;;;12763;12;;;;;12756.5;0.0
1;45400;ASH_COATED_OSMIUM;9991;24;;;;;10003;11;;;;;9999.5;0.0
1;45400;INTARIAN_PEPPER_ROOT;12750;12;12748;18;;;12765;10;12767;19;;;12756.0;0.0
1;45500;ASH_COATED_OSMIUM;9991;12;9988;21;;;10007;12;;;;;9999.0;0.0
1;45500;INTARIAN_PEPPER_ROOT;12750;10;12747;22;;;12764;10;12765;23;;;12755.5;0.0
1;45600;ASH_COATED_OSMIUM;9991;4;9988;11;;;10008;15;10011;28;;;9999.5;0.0
1;45600;INTARIAN_PEPPER_ROOT;12747;8;12745;22;;;12763;8;;;;;12755.0;0.0
1;45700;ASH_COATED_OSMIUM;9993;11;9990;23;;;10010;14;;;;;10000.5;0.0
1;45700;INTARIAN_PEPPER_ROOT;12748;10;;;;;12763;22;12764;24;;;12754.5;0.0
1;45800;ASH_COATED_OSMIUM;9993;29;;;;;10010;15;10012;15;;;10000.5;0.0
1;45800;INTARIAN_PEPPER_ROOT;12749;9;12746;22;;;12761;11;;;;;12754.0;0.0
1;45900;ASH_COATED_OSMIUM;9991;14;9990;28;;;10005;11;10010;28;;;10000.0;0.0
1;45900;INTARIAN_PEPPER_ROOT;12749;22;12746;22;;;12758;9;;;;;12753.5;0.0
1;46000;ASH_COATED_OSMIUM;9991;13;;;;;10010;12;;;;;10000.0;0.0
1;46000;INTARIAN_PEPPER_ROOT;12746;8;12742;15;;;12760;8;12762;23;;;12753.0;0.0
1;46100;ASH_COATED_OSMIUM;9992;13;9988;21;;;10008;7;10010;12;;;9999.5;0.0
1;46100;INTARIAN_PEPPER_ROOT;12747;10;12743;22;;;12760;8;;;;;12752.5;0.0
1;46200;ASH_COATED_OSMIUM;9991;11;;;;;10007;9;10011;23;;;10000.0;0.0
1;46200;INTARIAN_PEPPER_ROOT;12745;8;12744;18;;;12759;9;12761;17;;;12752.0;0.0
1;46300;ASH_COATED_OSMIUM;9992;14;9990;24;;;10008;20;10011;27;;;10000.0;0.0
1;46300;INTARIAN_PEPPER_ROOT;12743;9;12743;18;;;12758;10;12760;18;;;12751.0;0.0
1;46400;ASH_COATED_OSMIUM;9993;12;9989;25;;;10009;13;10011;22;;;10000.5;0.0
1;46400;INTARIAN_PEPPER_ROOT;12744;9;;;;;12759;12;12760;24;;;12750.5;0.0
1;46500;ASH_COATED_OSMIUM;9993;21;;;;;10009;14;10012;23;;;10000.5;0.0
1;46500;INTARIAN_PEPPER_ROOT;12745;10;12740;24;;;12758;11;12759;11;;;12750.0;0.0
1;46600;ASH_COATED_OSMIUM;9993;13;;;;;10009;11;10013;29;;;10000.5;0.0
1;46600;INTARIAN_PEPPER_ROOT;12748;9;12742;21;12735;23;12758;12;;;;;12749.5;0.0
1;46700;ASH_COATED_OSMIUM;9992;14;9990;28;;;10006;14;10011;15;;;10000.5;0.0
1;46700;INTARIAN_PEPPER_ROOT;12744;12;;;;;12758;8;;;;;12749.0;0.0
1;46800;ASH_COATED_OSMIUM;9993;15;;;;;10010;24;10011;21;;;10000.5;0.0
1;46800;INTARIAN_PEPPER_ROOT;12743;12;12736;17;;;12756;12;;;;;12748.5;0.0
1;46900;ASH_COATED_OSMIUM;9993;25;;;;;10009;10;10012;28;;;10000.5;0.0
1;46900;INTARIAN_PEPPER_ROOT;12741;10;;;;;12754;11;12758;24;;;12748.0;0.0
1;47000;ASH_COATED_OSMIUM;9993;11;;;;;10010;11;10016;28;;;10000.5;0.0
1;47000;INTARIAN_PEPPER_ROOT;12742;8;;;;;12754;23;;;;;12747.5;0.0
1;47100;ASH_COATED_OSMIUM;9993;12;9990;13;;;10009;10;10012;30;;;10000.5;0.0
1;47100;INTARIAN_PEPPER_ROOT;12741;8;;;;;12753;8;12757;24;;;12747.0;0.0
1;47200;ASH_COATED_OSMIUM;9997;12;9990;21;;;10009;12;10011;21;;;10001.0;0.0
1;47200;INTARIAN_PEPPER_ROOT;12745;10;;;;;12753;10;12757;23;;;12746.5;0.0
1;47300;ASH_COATED_OSMIUM;9993;14;9990;24;;;10009;14;10011;30;;;10000.5;0.0
1;47300;INTARIAN_PEPPER_ROOT;12739;9;12736;16;;;12751;24;12756;22;;;12745.5;0.0
1;47400;ASH_COATED_OSMIUM;9993;10;9991;29;;;10009;4;10011;27;;;10001.0;0.0
1;47400;INTARIAN_PEPPER_ROOT;12738;9;12736;25;;;12752;11;12755;17;;;12745.0;0.0
1;47500;ASH_COATED_OSMIUM;9993;7;9988;20;;;10009;12;10011;29;10015;27;10000.5;0.0
1;47500;INTARIAN_PEPPER_ROOT;12739;12;12736;16;;;12751;11;12755;24;;;12744.5;0.0
1;47600;ASH_COATED_OSMIUM;9993;10;9991;27;;;10009;15;10011;27;;;10000.5;0.0
1;47600;INTARIAN_PEPPER_ROOT;12736;11;12736;22;;;12750;8;;;;;12744.0;0.0
1;47700;ASH_COATED_OSMIUM;9993;11;9990;26;;;10009;14;;;;;10000.5;0.0
1;47700;INTARIAN_PEPPER_ROOT;12737;12;12736;23;;;12749;8;12753;24;;;12743.5;0.0
1;47800;ASH_COATED_OSMIUM;9992;14;;;;;10009;10;;;;;10000.0;0.0
1;47800;INTARIAN_PEPPER_ROOT;12737;12;;;12731;25;12750;11;12753;20;;;12743.0;0.0
1;47900;ASH_COATED_OSMIUM;9992;14;;;;;10010;15;10010;26;;;10000.0;0.0
1;47900;INTARIAN_PEPPER_ROOT;12737;10;12732;18;;;12749;15;12753;20;;;12742.5;0.0
1;48000;ASH_COATED_OSMIUM;9993;15;9991;24;;;10009;26;10011;22;;;10000.5;0.0
1;48000;INTARIAN_PEPPER_ROOT;12736;12;12734;22;;;12748;12;12751;8;;;12742.0;0.0
1;48100;ASH_COATED_OSMIUM;9994;13;9991;23;;;10003;11;;;;;10000.5;0.0
1;48100;INTARIAN_PEPPER_ROOT;12735;17;12732;16;;;12747;8;12752;16;;;12741.5;0.0
1;48200;ASH_COATED_OSMIUM;9992;5;;;;;10006;11;10013;28;;;10001.0;0.0
1;48200;INTARIAN_PEPPER_ROOT;12734;11;12733;21;;;12750;17;12751;21;;;12741.0;0.0
1;48300;ASH_COATED_OSMIUM;9994;13;9992;20;;;10011;3;10012;23;;;10001.5;0.0
1;48300;INTARIAN_PEPPER_ROOT;12735;25;;;;;12742;10;;;;;12740.5;0.0
1;48400;ASH_COATED_OSMIUM;9993;13;9990;21;;;10009;11;10011;21;;;10001.0;0.0
1;48400;INTARIAN_PEPPER_ROOT;12732;16;12730;21;;;12746;8;12750;23;;;12739.5;0.0
1;48500;ASH_COATED_OSMIUM;9992;14;9990;24;;;10006;25;10011;25;;;10001.0;0.0
1;48500;INTARIAN_PEPPER_ROOT;12732;11;12729;20;;;12745;12;;;;;12739.0;0.0
1;48600;ASH_COATED_OSMIUM;9997;15;9990;24;;;10010;12;10012;30;;;10002.0;0.0
1;48600;INTARIAN_PEPPER_ROOT;12733;9;12730;20;;;12747;11;12748;15;;;12738.5;0.0
1;48700;ASH_COATED_OSMIUM;9995;24;;;;;10012;13;10013;30;;;10002.5;0.0
1;48700;INTARIAN_PEPPER_ROOT;12732;12;12729;15;;;12745;10;12748;19;;;12738.0;0.0
1;48800;ASH_COATED_OSMIUM;9994;11;9991;26;;;10010;13;10012;27;;;10002.0;0.0
1;48800;INTARIAN_PEPPER_ROOT;12731;10;12730;18;;;12744;18;12748;15;;;12737.5;0.0
1;48900;ASH_COATED_OSMIUM;9992;14;9990;29;;;10010;26;10013;21;;;10001.5;0.0
1;48900;INTARIAN_PEPPER_ROOT;12732;10;;;;;12744;8;;;;;12737.0;0.0
1;49000;ASH_COATED_OSMIUM;9994;12;;;;;10010;14;10012;25;;;10001.5;0.0
1;49000;INTARIAN_PEPPER_ROOT;12731;11;12727;16;;;12742;10;;;;;12736.5;0.0
1;49100;ASH_COATED_OSMIUM;9993;12;;;;;10009;15;10011;30;;;10001.0;0.0
1;49100;INTARIAN_PEPPER_ROOT;12730;25;12729;22;;;12742;12;;;;;12736.0;0.0
1;49200;ASH_COATED_OSMIUM;9993;11;9990;27;;;10009;12;;;;;10000.5;0.0
1;49200;INTARIAN_PEPPER_ROOT;12730;12;;;;;12742;3;;;;;12735.5;0.0
1;49300;ASH_COATED_OSMIUM;9991;12;;;;;10008;11;10010;30;;;10000.0;0.0
1;49300;INTARIAN_PEPPER_ROOT;12730;18;12726;22;;;12741;11;12744;24;;;12735.0;0.0
1;49400;ASH_COATED_OSMIUM;9991;12;;;;;10010;11;10011;26;;;10000.5;0.0
1;49400;INTARIAN_PEPPER_ROOT;12729;9;12725;23;;;12743;10;12744;20;;;12734.5;0.0
1;49500;ASH_COATED_OSMIUM;9993;11;;;;;10009;3;;;;;10000.5;0.0
1;49500;INTARIAN_PEPPER_ROOT;12728;9;;;;;12742;19;12745;19;;;12734.0;0.0
1;49600;ASH_COATED_OSMIUM;9991;23;9989;22;;;10009;13;;;;;10000.5;0.0
1;49600;INTARIAN_PEPPER_ROOT;12727;17;12724;24;;;12740;22;12743;20;;;12733.0;0.0
1;49700;ASH_COATED_OSMIUM;9992;14;9991;30;;;10009;14;10013;29;;;10001.0;0.0
1;49700;INTARIAN_PEPPER_ROOT;12726;11;12723;19;;;12741;8;12741;20;;;12732.5;0.0
1;49800;ASH_COATED_OSMIUM;9993;26;9989;14;;;10009;11;10012;20;;;10000.5;0.0
1;49800;INTARIAN_PEPPER_ROOT;12725;22;12723;22;;;12738;10;;;;;12732.0;0.0
1;49900;ASH_COATED_OSMIUM;9993;13;9989;30;;;10009;12;;;;;10000.5;0.0
1;49900;INTARIAN_PEPPER_ROOT;12726;9;;;;;12737;11;;;;;12731.5;0.0
1;50000;ASH_COATED_OSMIUM;9991;10;;;;;10005;15;10010;20;;;10000.0;0.0
1;50000;INTARIAN_PEPPER_ROOT;12726;25;12720;15;;;12738;9;12741;21;;;12731.0;0.0
1;50100;ASH_COATED_OSMIUM;9993;10;9986;21;;;10010;13;10011;20;;;10000.5;0.0
1;50100;INTARIAN_PEPPER_ROOT;12724;9;12721;15;;;12737;11;;;;;12730.5;0.0
1;50200;ASH_COATED_OSMIUM;9992;14;9990;27;;;10010;21;;;;;10000.5;0.0
1;50200;INTARIAN_PEPPER_ROOT;12723;17;12720;17;;;12739;11;;;;;12730.0;0.0
1;50300;ASH_COATED_OSMIUM;9993;14;9990;29;;;10009;9;;;;;10001.0;0.0
1;50300;INTARIAN_PEPPER_ROOT;12724;8;12720;23;;;12735;8;12738;22;12744;25;12729.5;0.0
1;50400;ASH_COATED_OSMIUM;9992;11;9994;21;;;10004;13;10011;22;;;10001.0;0.0
1;50400;INTARIAN_PEPPER_ROOT;12723;20;12719;19;;;12736;11;12737;17;;;12729.0;0.0
1;50500;ASH_COATED_OSMIUM;9999;11;;;;;10006;29;10013;27;;;10001.5;0.0
1;50500;INTARIAN_PEPPER_ROOT;12723;11;12720;15;;;12735;12;;;;;12728.5;0.0
1;50600;ASH_COATED_OSMIUM;9993;15;9989;20;;;10007;25;;;;;10000.5;0.0
1;50600;INTARIAN_PEPPER_ROOT;12722;9;12719;21;;;12734;9;12738;21;;;12728.0;0.0
1;50700;ASH_COATED_OSMIUM;9993;13;9991;21;;;10006;10;10013;23;;;10000.5;0.0
1;50700;INTARIAN_PEPPER_ROOT;12722;20;12718;22;;;12735;9;12737;17;;;12727.5;0.0
1;50800;ASH_COATED_OSMIUM;9993;10;9990;22;;;10011;12;10015;20;;;10001.0;0.0
1;50800;INTARIAN_PEPPER_ROOT;12720;11;12717;23;;;12736;19;12736;21;;;12727.0;0.0
1;50900;ASH_COATED_OSMIUM;9993;25;;;;;10009;25;10012;24;;;10000.5;0.0
1;50900;INTARIAN_PEPPER_ROOT;12721;10;12718;23;;;12732;11;12736;19;;;12726.0;0.0
1;51000;ASH_COATED_OSMIUM;9992;10;9991;29;;;10010;14;10011;27;;;10001.0;0.0
1;51000;INTARIAN_PEPPER_ROOT;12718;9;;;;;12734;10;12735;17;;;12725.5;0.0
1;51100;ASH_COATED_OSMIUM;9992;14;9990;21;;;10009;10;10012;20;;;10001.0;0.0
1;51100;INTARIAN_PEPPER_ROOT;12719;23;12716;24;;;12732;11;;;;;12725.0;0.0
1;51200;ASH_COATED_OSMIUM;9994;15;9992;27;;;10010;15;;;;;10001.5;0.0
1;51200;INTARIAN_PEPPER_ROOT;12718;8;12717;16;;;12730;10;12733;18;;;12724.5;0.0
1;51300;ASH_COATED_OSMIUM;9993;10;9990;24;;;10006;15;10012;23;10017;30;10001.0;0.0
1;51300;INTARIAN_PEPPER_ROOT;12719;5;;;;;12730;8;12733;20;12737;18;12724.0;0.0
1;51400;ASH_COATED_OSMIUM;9993;13;9991;30;;;10006;24;10013;27;;;10000.5;0.0
1;51400;INTARIAN_PEPPER_ROOT;12717;9;12715;25;;;12730;15;;;;;12723.5;0.0
1;51500;ASH_COATED_OSMIUM;9994;14;9991;10;;;10010;13;;;;;10001.5;0.0
1;51500;INTARIAN_PEPPER_ROOT;12717;12;;;12709;20;12729;8;12732;19;;;12723.0;0.0
1;51600;ASH_COATED_OSMIUM;9996;11;9990;28;;;10010;11;;;;;10001.0;0.0
1;51600;INTARIAN_PEPPER_ROOT;12715;9;12714;18;;;12730;10;12733;15;;;12722.5;0.0
1;51700;ASH_COATED_OSMIUM;9994;12;9990;22;;;10010;11;10012;27;;;10001.5;0.0
1;51700;INTARIAN_PEPPER_ROOT;12716;10;;;;;12730;12;12731;21;;;12722.0;0.0
1;51800;ASH_COATED_OSMIUM;9994;25;;;;;10010;10;10013;22;;;10001.5;0.0
1;51800;INTARIAN_PEPPER_ROOT;12715;8;;;;;12729;10;12732;25;;;12721.5;0.0
1;51900;ASH_COATED_OSMIUM;9994;15;;;;;10008;20;;;;;10001.5;0.0
1;51900;INTARIAN_PEPPER_ROOT;12715;11;12712;17;;;12727;9;12731;25;;;12721.0;0.0
1;52000;ASH_COATED_OSMIUM;9994;15;9991;21;;;10011;14;10013;21;;;10001.5;0.0
1;52000;INTARIAN_PEPPER_ROOT;12714;5;12712;20;;;12727;17;12729;23;;;12720.0;0.0
1;52100;ASH_COATED_OSMIUM;9994;14;9987;30;;;10011;15;;;;;10001.5;0.0
1;52100;INTARIAN_PEPPER_ROOT;12714;12;;;;;12728;16;;;;;12719.5;0.0
1;52200;ASH_COATED_OSMIUM;9994;15;9992;22;;;10011;5;;;;;10001.5;0.0
1;52200;INTARIAN_PEPPER_ROOT;12712;10;12710;24;;;12727;12;;;;;12719.0;0.0
1;52300;ASH_COATED_OSMIUM;9994;15;;;;;10010;15;10012;24;;;10001.5;0.0
1;52300;INTARIAN_PEPPER_ROOT;12712;9;12707;22;;;12720;10;;;;;12718.5;0.0
1;52400;ASH_COATED_OSMIUM;9994;13;9990;30;;;10010;13;10013;20;;;10001.5;0.0
1;52400;INTARIAN_PEPPER_ROOT;12711;10;12708;18;;;12726;11;;;;;12718.0;0.0
1;52500;ASH_COATED_OSMIUM;9993;15;;;;;10009;13;10011;29;;;10001.0;0.0
1;52500;INTARIAN_PEPPER_ROOT;12709;11;12707;19;;;12724;9;12725;19;;;12717.5;0.0
1;52600;ASH_COATED_OSMIUM;9992;30;9991;30;;;10010;13;10010;27;;;10001.5;0.0
1;52600;INTARIAN_PEPPER_ROOT;12710;9;12707;25;;;12723;11;12727;18;;;12717.0;0.0
1;52700;ASH_COATED_OSMIUM;9993;13;9996;21;;;10009;15;10012;29;;;10001.0;0.0
1;52700;INTARIAN_PEPPER_ROOT;12711;10;12705;17;;;12723;12;;;;;12716.5;0.0
1;52800;ASH_COATED_OSMIUM;9993;15;;;;;10009;15;10011;23;;;10001.0;0.0
1;52800;INTARIAN_PEPPER_ROOT;12710;12;;;;;12722;9;12727;15;;;12716.0;0.0
1;52900;ASH_COATED_OSMIUM;9994;15;9992;23;;;10011;14;10012;20;;;10001.5;0.0
1;52900;INTARIAN_PEPPER_ROOT;12710;8;;;;;12722;11;12726;19;;;12715.5;0.0
1;53000;ASH_COATED_OSMIUM;9992;11;9991;21;;;10009;11;10011;30;;;10001.0;0.0
1;53000;INTARIAN_PEPPER_ROOT;12709;9;;;;;12721;21;;;;;12715.0;0.0
1;53100;ASH_COATED_OSMIUM;9993;22;;;;;10006;10;10012;24;;;10001.0;0.0
1;53100;INTARIAN_PEPPER_ROOT;12709;9;;;;;12720;16;12725;22;;;12714.5;0.0
1;53200;ASH_COATED_OSMIUM;9998;26;9990;24;;;10010;11;10011;26;;;10001.0;0.0
1;53200;INTARIAN_PEPPER_ROOT;12705;8;12703;23;;;12719;12;12723;19;;;12713.5;0.0
1;53300;ASH_COATED_OSMIUM;9992;14;9990;23;;;10009;11;10012;22;;;10000.5;0.0
1;53300;INTARIAN_PEPPER_ROOT;12706;9;12705;15;;;12721;9;12721;19;12726;18;12713.0;0.0
1;53400;ASH_COATED_OSMIUM;9993;11;;;;;10009;20;10013;22;;;10001.0;0.0
1;53400;INTARIAN_PEPPER_ROOT;12712;12;;;;;12719;19;;;;;12712.5;0.0
1;53500;ASH_COATED_OSMIUM;9993;30;9989;25;;;10009;15;;;;;10000.5;0.0
1;53500;INTARIAN_PEPPER_ROOT;12705;9;;;;;12718;12;12722;21;;;12712.0;0.0
1;53600;ASH_COATED_OSMIUM;9993;15;;;9987;20;10009;10;;;;;10000.5;0.0
1;53600;INTARIAN_PEPPER_ROOT;12704;11;12702;21;;;12718;9;12720;16;;;12711.5;0.0
1;53700;ASH_COATED_OSMIUM;9992;22;9989;20;;;10008;13;10011;29;;;10000.0;0.0
1;53700;INTARIAN_PEPPER_ROOT;12705;11;12701;20;;;12718;12;12719;17;;;12711.0;0.0
1;53800;ASH_COATED_OSMIUM;9990;28;9991;20;;;10009;13;10011;20;;;10000.5;0.0
1;53800;INTARIAN_PEPPER_ROOT;12704;9;12699;22;;;12718;9;12720;22;;;12710.5;0.0
1;53900;ASH_COATED_OSMIUM;9992;10;;;;;10009;15;;;;;10001.0;0.0
1;53900;INTARIAN_PEPPER_ROOT;12708;25;;;;;12716;11;12719;15;;;12710.0;0.0
1;54000;ASH_COATED_OSMIUM;9993;13;;;;;10006;13;10015;20;;;10001.0;0.0
1;54000;INTARIAN_PEPPER_ROOT;12703;11;12700;23;;;12716;7;12720;16;;;12709.5;0.0
1;54100;ASH_COATED_OSMIUM;9993;15;9990;11;;;10010;10;10013;29;;;10001.0;0.0
1;54100;INTARIAN_PEPPER_ROOT;12703;11;;;;;12716;12;12717;25;;;12709.0;0.0
1;54200;ASH_COATED_OSMIUM;9992;11;9991;23;;;10010;13;;;;;10000.5;0.0
1;54200;INTARIAN_PEPPER_ROOT;12701;10;12699;23;;;12716;10;12718;22;;;12708.5;0.0
1;54300;ASH_COATED_OSMIUM;9991;13;9991;22;9986;20;10003;12;;;;;10000.5;0.0
1;54300;INTARIAN_PEPPER_ROOT;12702;12;;;;;12715;9;12718;18;12722;23;12708.0;0.0
1;54400;ASH_COATED_OSMIUM;9992;22;;;;;10009;12;10010;30;;;10000.0;0.0
1;54400;INTARIAN_PEPPER_ROOT;12701;12;12696;22;;;12710;9;12717;23;;;12707.0;0.0
1;54500;ASH_COATED_OSMIUM;9993;15;9990;25;;;10010;13;;;;;10000.5;0.0
1;54500;INTARIAN_PEPPER_ROOT;12698;25;12696;21;;;12713;11;12717;20;;;12706.5;0.0
1;54600;ASH_COATED_OSMIUM;9993;13;9991;24;;;10009;30;10012;28;;;10001.0;0.0
1;54600;INTARIAN_PEPPER_ROOT;12699;12;;;;;12715;8;12715;18;;;12706.0;0.0
1;54700;ASH_COATED_OSMIUM;9993;14;;;;;10010;12;10013;22;10018;21;10000.5;0.0
1;54700;INTARIAN_PEPPER_ROOT;12698;11;12696;25;;;12713;12;;;;;12705.5;0.0
1;54800;ASH_COATED_OSMIUM;9992;13;9989;24;;;10008;12;10011;26;;;10000.0;0.0
1;54800;INTARIAN_PEPPER_ROOT;12698;11;12695;17;;;12711;8;;;;;12705.0;0.0
1;54900;ASH_COATED_OSMIUM;9992;14;9989;27;;;10008;30;10010;30;;;10000.0;0.0
1;54900;INTARIAN_PEPPER_ROOT;12698;20;12695;17;;;12713;22;;;;;12704.5;0.0
1;55000;ASH_COATED_OSMIUM;9991;11;9988;21;;;10007;15;;;;;9999.0;0.0
1;55000;INTARIAN_PEPPER_ROOT;12698;12;12695;20;;;12710;8;12714;23;;;12704.0;0.0
1;55100;ASH_COATED_OSMIUM;9990;2;;;;;10007;11;10009;22;;;9999.0;0.0
1;55100;INTARIAN_PEPPER_ROOT;12697;8;;;;;12710;19;12713;25;;;12703.5;0.0
1;55200;ASH_COATED_OSMIUM;9992;15;9988;28;;;10008;14;10011;22;;;9999.5;0.0
1;55200;INTARIAN_PEPPER_ROOT;12698;10;;;;;12709;9;12713;25;;;12703.0;0.0
1;55300;ASH_COATED_OSMIUM;9990;11;;;;;10009;10;10012;15;;;9999.5;0.0
1;55300;INTARIAN_PEPPER_ROOT;12696;9;12694;25;;;12710;8;;;;;12702.5;0.0
1;55400;ASH_COATED_OSMIUM;9991;15;9987;20;;;10009;12;10011;23;;;9999.5;0.0
1;55400;INTARIAN_PEPPER_ROOT;12696;12;;;;;12709;10;;;;;12702.0;0.0
1;55500;ASH_COATED_OSMIUM;9992;28;9990;30;;;10008;21;10011;26;;;9999.5;0.0
1;55500;INTARIAN_PEPPER_ROOT;12695;10;;;;;12707;20;12711;16;;;12701.0;0.0
1;55600;ASH_COATED_OSMIUM;9990;25;9989;25;;;10008;11;;;;;9999.5;0.0
1;55600;INTARIAN_PEPPER_ROOT;12694;10;12692;25;;;12707;10;12711;8;;;12700.5;0.0
1;55700;ASH_COATED_OSMIUM;9992;11;9990;24;;;10009;15;10011;23;;;9999.5;0.0
1;55700;INTARIAN_PEPPER_ROOT;12694;9;12691;17;;;12706;8;;;;;12700.0;0.0
1;55800;ASH_COATED_OSMIUM;9991;12;9994;26;;;10008;11;10010;21;;;9999.0;0.0
1;55800;INTARIAN_PEPPER_ROOT;12692;11;12691;16;;;12706;9;;;;;12699.5;0.0
1;55900;ASH_COATED_OSMIUM;9992;15;9989;24;;;10008;15;;;;;9999.5;0.0
1;55900;INTARIAN_PEPPER_ROOT;12694;11;;;;;12706;10;12710;17;;;12699.0;0.0
1;56000;ASH_COATED_OSMIUM;9991;14;;;;;10007;13;;;;;9999.0;0.0
1;56000;INTARIAN_PEPPER_ROOT;12693;9;12691;18;12683;23;12706;12;12708;20;;;12698.5;0.0
1;56100;ASH_COATED_OSMIUM;9991;15;;;;;10007;11;10010;24;;;9998.5;0.0
1;56100;INTARIAN_PEPPER_ROOT;12691;10;12689;16;;;12705;9;12707;17;;;12698.0;0.0
1;56200;ASH_COATED_OSMIUM;9991;12;9989;22;;;10009;20;;;;;9998.5;0.0
1;56200;INTARIAN_PEPPER_ROOT;12692;15;;;;;12703;8;;;;;12697.5;0.0
1;56300;ASH_COATED_OSMIUM;9991;14;9987;23;;;10007;12;;;;;9998.5;0.0
1;56300;INTARIAN_PEPPER_ROOT;12691;12;;;;;12704;12;;;;;12697.0;0.0
1;56400;ASH_COATED_OSMIUM;9988;27;;;;;10006;28;10008;25;;;9998.0;0.0
1;56400;INTARIAN_PEPPER_ROOT;12690;8;12688;19;;;12705;9;12705;24;;;12696.5;0.0
1;56500;ASH_COATED_OSMIUM;9991;11;9988;23;;;10007;10;;;;;9998.5;0.0
1;56500;INTARIAN_PEPPER_ROOT;12690;5;;;;;12704;10;;;;;12696.0;0.0
1;56600;ASH_COATED_OSMIUM;9989;14;9988;24;;;10007;22;10009;22;;;9998.5;0.0
1;56600;INTARIAN_PEPPER_ROOT;12689;9;12686;20;;;12702;11;12704;15;;;12695.5;0.0
1;56700;ASH_COATED_OSMIUM;9991;15;;;;;10007;11;;;;;9998.5;0.0
1;56700;INTARIAN_PEPPER_ROOT;12689;18;12686;22;;;12702;8;;;;;12695.0;0.0
1;56800;ASH_COATED_OSMIUM;9990;10;9987;24;;;10008;11;10011;20;;;9999.0;0.0
1;56800;INTARIAN_PEPPER_ROOT;12689;10;;;;;12701;10;;;;;12694.5;0.0
1;56900;ASH_COATED_OSMIUM;9990;21;9989;29;;;10008;14;10011;26;;;9999.5;0.0
1;56900;INTARIAN_PEPPER_ROOT;12686;15;;;;;12699;19;12704;15;;;12693.5;0.0
1;57000;ASH_COATED_OSMIUM;9991;30;;;;;10009;12;;;;;10000.5;0.0
1;57000;INTARIAN_PEPPER_ROOT;12686;12;12685;25;;;12699;9;;;;;12693.0;0.0
1;57100;ASH_COATED_OSMIUM;9993;10;9991;27;;;10010;11;10012;29;;;10000.5;0.0
1;57100;INTARIAN_PEPPER_ROOT;12685;12;12681;20;;;12694;9;12702;17;;;12692.5;0.0
1;57200;ASH_COATED_OSMIUM;9993;10;9991;22;;;10009;15;;;;;10000.5;0.0
1;57200;INTARIAN_PEPPER_ROOT;12684;9;;;;;12693;10;12703;15;;;12692.0;0.0
1;57300;ASH_COATED_OSMIUM;9992;10;9995;23;;;10009;13;10012;22;;;10000.0;0.0
1;57300;INTARIAN_PEPPER_ROOT;12686;18;12683;25;;;12702;11;12701;12;;;12691.5;0.0
1;57400;ASH_COATED_OSMIUM;9992;13;9990;28;;;10009;24;;;;;10000.0;0.0
1;57400;INTARIAN_PEPPER_ROOT;12685;12;12682;19;;;12697;10;;;;;12691.0;0.0
1;57500;ASH_COATED_OSMIUM;9991;10;;;;;10010;14;10010;27;;;10000.0;0.0
1;57500;INTARIAN_PEPPER_ROOT;12685;9;;;;;12697;12;12701;25;;;12690.5;0.0
1;57600;ASH_COATED_OSMIUM;9992;13;9988;22;;;10008;29;10011;27;;;10000.0;0.0
1;57600;INTARIAN_PEPPER_ROOT;12684;8;12681;20;;;12699;18;12699;10;;;12690.0;0.0
1;57700;ASH_COATED_OSMIUM;9992;15;;;;;10008;14;;;;;9999.5;0.0
1;57700;INTARIAN_PEPPER_ROOT;12682;10;;;;;12695;8;;;;;12689.5;0.0
1;57800;ASH_COATED_OSMIUM;9992;13;9989;20;;;10008;13;10010;26;;;9999.5;0.0
1;57800;INTARIAN_PEPPER_ROOT;12683;9;12681;23;;;12691;21;12698;25;;;12689.0;0.0
1;57900;ASH_COATED_OSMIUM;9992;11;;;;;10009;11;10007;29;;;9999.5;0.0
1;57900;INTARIAN_PEPPER_ROOT;12682;8;;;;;12695;10;;;;;12688.5;0.0
1;58000;ASH_COATED_OSMIUM;9992;11;9989;24;;;10009;13;10011;25;;;10000.0;0.0
1;58000;INTARIAN_PEPPER_ROOT;12680;16;12680;21;;;12694;12;12698;25;;;12688.0;0.0
1;58100;ASH_COATED_OSMIUM;9994;12;;;;;10008;11;10011;25;;;9999.5;0.0
1;58100;INTARIAN_PEPPER_ROOT;12681;10;12678;19;;;12694;10;12697;21;;;12687.5;0.0
1;58200;ASH_COATED_OSMIUM;9990;15;9988;12;;;10007;15;;;;;9999.0;0.0
1;58200;INTARIAN_PEPPER_ROOT;12681;11;;;;;12693;11;12697;24;;;12686.5;0.0
1;58300;ASH_COATED_OSMIUM;9990;11;9988;24;;;10007;12;10007;28;;;9999.0;0.0
1;58300;INTARIAN_PEPPER_ROOT;12680;15;;;;;12693;10;12696;21;;;12686.0;0.0
1;58400;ASH_COATED_OSMIUM;9991;13;;;;;10007;10;10010;21;;;9998.5;0.0
1;58400;INTARIAN_PEPPER_ROOT;12680;9;12677;15;;;12692;11;12695;23;;;12685.5;0.0
1;58500;ASH_COATED_OSMIUM;9991;14;9989;22;;;10007;10;10009;25;;;9999.0;0.0
1;58500;INTARIAN_PEPPER_ROOT;12680;11;12676;17;;;12695;5;12695;22;;;12685.0;0.0
1;58600;ASH_COATED_OSMIUM;9990;15;9989;21;;;10007;10;10010;23;;;9999.0;0.0
1;58600;INTARIAN_PEPPER_ROOT;12679;25;12675;18;;;12691;9;12693;25;;;12684.5;0.0
1;58700;ASH_COATED_OSMIUM;9991;12;9988;22;;;10008;15;;;;;9999.5;0.0
1;58700;INTARIAN_PEPPER_ROOT;12679;9;;;;;12692;10;;;;;12684.0;0.0
1;58800;ASH_COATED_OSMIUM;9991;14;9988;24;;;10007;11;10009;23;;;9999.0;0.0
1;58800;INTARIAN_PEPPER_ROOT;12677;8;12673;21;;;12691;8;;;;;12683.5;0.0
1;58900;ASH_COATED_OSMIUM;9995;11;9989;25;;;10008;12;10010;23;;;9999.5;0.0
1;58900;INTARIAN_PEPPER_ROOT;12677;12;12673;24;;;12690;12;12693;25;;;12683.0;0.0
1;59000;ASH_COATED_OSMIUM;9992;30;9990;27;;;10008;15;10010;14;;;9999.5;0.0
1;59000;INTARIAN_PEPPER_ROOT;12677;21;;;;;12688;22;12691;25;;;12682.5;0.0
1;59100;ASH_COATED_OSMIUM;9992;10;;;;;10008;15;10010;23;;;9999.5;0.0
1;59100;INTARIAN_PEPPER_ROOT;12676;10;12671;19;;;12689;9;;;;;12682.0;0.0
1;59200;ASH_COATED_OSMIUM;9997;15;;;;;10005;12;;;;;10000.0;0.0
1;59200;INTARIAN_PEPPER_ROOT;12675;9;;;;;12689;10;12689;20;;;12681.5;0.0
1;59300;ASH_COATED_OSMIUM;9993;13;9990;24;;;10010;12;10013;21;;;10000.5;0.0
1;59300;INTARIAN_PEPPER_ROOT;12676;8;;;;;12688;12;12690;20;;;12681.0;0.0
1;59400;ASH_COATED_OSMIUM;9993;12;9990;21;;;10009;15;10011;21;;;10000.5;0.0
1;59400;INTARIAN_PEPPER_ROOT;12675;10;;;;;12686;8;12689;20;;;12680.0;0.0
1;59500;ASH_COATED_OSMIUM;9992;21;;;;;10009;15;10012;28;;;10001.0;0.0
1;59500;INTARIAN_PEPPER_ROOT;12673;15;12671;16;;;12686;11;;;;;12679.5;0.0
1;59600;ASH_COATED_OSMIUM;9993;11;9990;30;;;10009;14;10012;10;;;10001.0;0.0
1;59600;INTARIAN_PEPPER_ROOT;12674;9;;;;;12686;9;12688;22;;;12679.0;0.0
1;59700;ASH_COATED_OSMIUM;9996;13;9990;28;;;10009;13;10012;26;;;10001.0;0.0
1;59700;INTARIAN_PEPPER_ROOT;12671;9;;;;;12685;12;;;;;12678.5;0.0
1;59800;ASH_COATED_OSMIUM;9993;11;;;;;10009;10;10011;25;;;10000.5;0.0
1;59800;INTARIAN_PEPPER_ROOT;12671;11;;;;;12686;9;12686;21;;;12678.0;0.0
1;59900;ASH_COATED_OSMIUM;9992;26;9989;23;;;10010;25;10012;29;;;10000.0;0.0
1;59900;INTARIAN_PEPPER_ROOT;12672;8;;;;;12684;11;;;;;12677.5;0.0
1;60000;ASH_COATED_OSMIUM;9992;11;;;;;10010;11;10012;20;;;10000.0;0.0
1;60000;INTARIAN_PEPPER_ROOT;12670;9;;;;;12681;10;12688;20;;;12677.0;0.0
1;60100;ASH_COATED_OSMIUM;9992;14;;;;;10009;13;;;;;9999.5;0.0
1;60100;INTARIAN_PEPPER_ROOT;12670;10;12668;25;;;12683;10;12684;17;;;12676.5;0.0
1;60200;ASH_COATED_OSMIUM;9990;12;9986;24;;;10009;14;10011;30;;;9999.5;0.0
1;60200;INTARIAN_PEPPER_ROOT;12670;9;;;;;12684;25;12685;17;;;12676.0;0.0
1;60300;ASH_COATED_OSMIUM;9989;15;9988;20;9986;30;10007;14;10010;25;;;9999.0;0.0
1;60300;INTARIAN_PEPPER_ROOT;12670;8;;;;;12681;10;12685;23;;;12675.5;0.0
1;60400;ASH_COATED_OSMIUM;9991;15;9989;29;;;10002;12;10009;24;;;9999.0;0.0
1;60400;INTARIAN_PEPPER_ROOT;12669;10;12665;19;;;12683;11;12684;15;;;12675.0;0.0
1;60500;ASH_COATED_OSMIUM;9991;13;;;;;10007;12;10009;27;;;9999.0;0.0
1;60500;INTARIAN_PEPPER_ROOT;12671;9;;;;;12682;24;12684;25;;;12674.5;0.0
1;60600;ASH_COATED_OSMIUM;9991;10;9987;27;;;10007;13;10010;22;;;9998.5;0.0
1;60600;INTARIAN_PEPPER_ROOT;12667;19;12666;21;;;12682;8;;;;;12673.5;0.0
1;60700;ASH_COATED_OSMIUM;9991;11;9988;25;;;10008;13;;;;;9998.5;0.0
1;60700;INTARIAN_PEPPER_ROOT;12666;11;12665;23;;;12682;25;;;;;12673.0;0.0
1;60800;ASH_COATED_OSMIUM;9991;12;;;;;10007;10;10011;15;;;9999.0;0.0
1;60800;INTARIAN_PEPPER_ROOT;12663;10;12664;22;;;12679;25;12682;25;;;12672.5;0.0
1;60900;ASH_COATED_OSMIUM;9990;11;9990;28;;;10008;10;10011;27;;;9999.5;0.0
1;60900;INTARIAN_PEPPER_ROOT;12665;11;;;;;12678;8;12682;22;;;12672.0;0.0
1;61000;ASH_COATED_OSMIUM;9992;11;9990;24;;;10008;13;10010;26;;;9999.5;0.0
1;61000;INTARIAN_PEPPER_ROOT;12666;11;12661;18;;;12677;11;12679;20;;;12671.5;0.0
1;61100;ASH_COATED_OSMIUM;9992;25;;;9985;24;10008;24;;;;;10000.0;0.0
1;61100;INTARIAN_PEPPER_ROOT;12665;10;;;;;12677;9;;;;;12671.0;0.0
1;61200;ASH_COATED_OSMIUM;9990;15;9990;29;;;10008;11;10011;22;;;9999.5;0.0
1;61200;INTARIAN_PEPPER_ROOT;12663;11;12661;25;12657;16;12678;25;12679;20;;;12670.5;0.0
1;61300;ASH_COATED_OSMIUM;9991;27;;;;;10008;15;10009;29;;;9999.0;0.0
1;61300;INTARIAN_PEPPER_ROOT;12664;17;12662;16;;;12676;11;;;;;12670.0;0.0
1;61400;ASH_COATED_OSMIUM;9990;15;;;;;10008;4;;;;;9999.5;0.0
1;61400;INTARIAN_PEPPER_ROOT;12663;12;;;;;12676;8;12678;21;;;12669.5;0.0
1;61500;ASH_COATED_OSMIUM;9992;15;9989;24;;;10009;11;;;;;9999.5;0.0
1;61500;INTARIAN_PEPPER_ROOT;12663;10;12661;23;12655;22;12676;19;;;;;12669.0;0.0
1;61600;ASH_COATED_OSMIUM;9990;12;;;;;10007;15;10009;10;;;9999.0;0.0
1;61600;INTARIAN_PEPPER_ROOT;12662;11;12660;20;;;12675;18;;;;;12668.5;0.0
1;61700;ASH_COATED_OSMIUM;9990;11;9988;30;;;10007;10;10010;20;;;9999.0;0.0
1;61700;INTARIAN_PEPPER_ROOT;12664;12;12659;19;;;12676;9;;;;;12668.0;0.0
1;61800;ASH_COATED_OSMIUM;9991;12;9989;27;;;10009;25;;;;;10000.0;0.0
1;61800;INTARIAN_PEPPER_ROOT;12660;11;12659;21;;;12674;11;12677;25;;;12667.5;0.0
1;61900;ASH_COATED_OSMIUM;9992;14;;;;;10008;13;10012;25;;;9999.5;0.0
1;61900;INTARIAN_PEPPER_ROOT;12661;10;;;;;12674;9;;;;;12666.5;0.0
1;62000;ASH_COATED_OSMIUM;9991;12;;;;;10009;14;10012;24;;;9999.5;0.0
1;62000;INTARIAN_PEPPER_ROOT;12661;8;12657;18;;;12672;10;12678;25;;;12666.0;0.0
1;62100;ASH_COATED_OSMIUM;9991;14;9988;30;;;10007;23;10010;29;;;9999.0;0.0
1;62100;INTARIAN_PEPPER_ROOT;12658;10;;;;;12672;9;12675;23;;;12665.5;0.0
1;62200;ASH_COATED_OSMIUM;9991;21;9988;21;;;10007;27;10010;26;;;9999.0;0.0
1;62200;INTARIAN_PEPPER_ROOT;12659;9;12657;18;;;12671;8;;;;;12665.0;0.0
1;62300;ASH_COATED_OSMIUM;9993;13;;;;;10009;24;10011;22;;;9999.5;0.0
1;62300;INTARIAN_PEPPER_ROOT;12657;9;;;;;12671;8;12669;23;;;12664.5;0.0
1;62400;ASH_COATED_OSMIUM;9991;12;;;;;10007;29;10009;26;;;9999.0;0.0
1;62400;INTARIAN_PEPPER_ROOT;12658;11;12654;20;;;12673;9;12672;24;;;12664.0;0.0
1;62500;ASH_COATED_OSMIUM;9991;15;;;;;10007;13;;;;;9999.0;0.0
1;62500;INTARIAN_PEPPER_ROOT;12657;19;12655;24;;;12671;10;12673;15;;;12663.5;0.0
1;62600;ASH_COATED_OSMIUM;9991;13;;;;;10006;14;;;;;9999.5;0.0
1;62600;INTARIAN_PEPPER_ROOT;12656;9;12654;15;;;12670;12;12672;9;;;12663.0;0.0
1;62700;ASH_COATED_OSMIUM;9992;13;9990;27;;;10008;14;10011;30;;;10000.0;0.0
1;62700;INTARIAN_PEPPER_ROOT;12656;12;;;;;12669;12;12673;20;;;12662.5;0.0
1;62800;ASH_COATED_OSMIUM;9991;12;;;;;10009;15;10012;26;;;10000.5;0.0
1;62800;INTARIAN_PEPPER_ROOT;12657;15;;;;;12669;11;;;;;12662.0;0.0
1;62900;ASH_COATED_OSMIUM;9992;24;9990;21;;;10006;13;10013;26;;;10000.5;0.0
1;62900;INTARIAN_PEPPER_ROOT;12655;8;12652;19;;;12668;12;;;;;12661.5;0.0
1;63000;ASH_COATED_OSMIUM;9992;23;;;;;10011;15;10010;10;;;10000.0;0.0
1;63000;INTARIAN_PEPPER_ROOT;12655;21;12652;18;;;12667;12;12671;11;;;12661.0;0.0
1;63100;ASH_COATED_OSMIUM;9990;11;9989;22;;;10004;14;10011;27;;;10000.0;0.0
1;63100;INTARIAN_PEPPER_ROOT;12659;12;12652;24;;;12667;8;12669;16;;;12660.0;0.0
1;63200;ASH_COATED_OSMIUM;9992;2;;;;;10010;15;10011;27;;;10000.0;0.0
1;63200;INTARIAN_PEPPER_ROOT;12656;10;12650;21;;;12662;11;12670;19;12673;21;12659.5;0.0
1;63300;ASH_COATED_OSMIUM;9991;10;9989;28;;;10009;25;;;;;10000.5;0.0
1;63300;INTARIAN_PEPPER_ROOT;12653;11;12648;24;;;12666;11;12670;18;;;12659.0;0.0
1;63400;ASH_COATED_OSMIUM;9992;13;9989;23;9986;23;10008;10;10008;30;;;10000.0;0.0
1;63400;INTARIAN_PEPPER_ROOT;12653;3;12648;18;;;12665;11;12670;24;;;12658.5;0.0
1;63500;ASH_COATED_OSMIUM;9992;15;;;;;10009;13;;;10014;25;10000.0;0.0
1;63500;INTARIAN_PEPPER_ROOT;12652;11;12654;19;;;12665;8;;;;;12658.0;0.0
1;63600;ASH_COATED_OSMIUM;9992;10;;;;;10008;15;10010;13;;;9999.5;0.0
1;63600;INTARIAN_PEPPER_ROOT;12652;12;;;;;12664;9;12667;18;;;12657.5;0.0
1;63700;ASH_COATED_OSMIUM;9992;11;9989;21;;;10009;14;;;;;9999.5;0.0
1;63700;INTARIAN_PEPPER_ROOT;12649;11;12648;15;;;12663;9;;;;;12657.0;0.0
1;63800;ASH_COATED_OSMIUM;9991;10;;;;;10008;11;10010;28;;;9999.5;0.0
1;63800;INTARIAN_PEPPER_ROOT;12650;8;12648;25;;;12663;24;12667;23;;;12656.5;0.0
1;63900;ASH_COATED_OSMIUM;9992;13;;;;;10008;12;10011;29;;;10000.0;0.0
1;63900;INTARIAN_PEPPER_ROOT;12651;9;12647;18;;;12663;8;;;;;12656.0;0.0
1;64000;ASH_COATED_OSMIUM;9992;11;9989;28;;;10008;13;10014;25;;;10000.0;0.0
1;64000;INTARIAN_PEPPER_ROOT;12650;10;12645;19;;;12663;11;12667;23;;;12655.5;0.0
1;64100;ASH_COATED_OSMIUM;9993;13;9991;27;;;10010;11;10011;21;;;10000.5;0.0
1;64100;INTARIAN_PEPPER_ROOT;12650;25;12645;24;;;12661;8;12664;23;12671;24;12655.0;0.0
1;64200;ASH_COATED_OSMIUM;9992;11;9990;22;;;10008;21;;;;;10000.0;0.0
1;64200;INTARIAN_PEPPER_ROOT;12648;9;12646;11;;;12660;11;12664;20;;;12654.0;0.0
1;64300;ASH_COATED_OSMIUM;9993;14;;;;;10010;13;;;;;10001.0;0.0
1;64300;INTARIAN_PEPPER_ROOT;12648;10;12644;22;;;12660;11;12662;24;;;12653.5;0.0
1;64400;ASH_COATED_OSMIUM;9993;14;9990;30;;;10011;12;10012;24;;;10001.0;0.0
1;64400;INTARIAN_PEPPER_ROOT;12646;9;12645;24;;;12660;9;;;;;12653.0;0.0
1;64500;ASH_COATED_OSMIUM;9992;13;9991;10;;;10010;11;10012;30;;;10001.5;0.0
1;64500;INTARIAN_PEPPER_ROOT;12646;10;;;;;12658;15;;;;;12652.5;0.0
1;64600;ASH_COATED_OSMIUM;9993;13;;;;;10009;23;10011;27;;;10001.0;0.0
1;64600;INTARIAN_PEPPER_ROOT;12645;22;12640;24;;;12659;9;;;;;12652.0;0.0
1;64700;ASH_COATED_OSMIUM;9992;14;;;;;10011;14;10015;28;;;10001.0;0.0
1;64700;INTARIAN_PEPPER_ROOT;12646;9;;;12639;16;12659;12;12660;23;12666;15;12651.5;0.0
1;64800;ASH_COATED_OSMIUM;9992;15;9996;27;;;10009;30;10009;29;;;10001.0;0.0
1;64800;INTARIAN_PEPPER_ROOT;12644;11;;;;;12658;19;12659;17;;;12651.0;0.0
1;64900;ASH_COATED_OSMIUM;9994;12;;;;;10010;25;10012;26;;;10001.5;0.0
1;64900;INTARIAN_PEPPER_ROOT;12644;9;12641;17;;;12657;9;12661;25;;;12650.5;0.0
1;65000;ASH_COATED_OSMIUM;9993;14;9992;25;;;10010;10;;;;;10001.5;0.0
1;65000;INTARIAN_PEPPER_ROOT;12645;8;12642;22;;;12657;25;12659;25;;;12650.0;0.0
1;65100;ASH_COATED_OSMIUM;9992;12;;;;;10010;27;;;;;10001.5;0.0
1;65100;INTARIAN_PEPPER_ROOT;12644;10;12640;15;;;12656;8;12658;24;;;12649.5;0.0
1;65200;ASH_COATED_OSMIUM;9994;13;9991;21;;;10010;12;10013;22;;;10002.0;0.0
1;65200;INTARIAN_PEPPER_ROOT;12642;8;12638;23;;;12656;8;;;;;12649.0;0.0
1;65300;ASH_COATED_OSMIUM;9993;13;;;;;10009;25;10012;20;;;10000.5;0.0
1;65300;INTARIAN_PEPPER_ROOT;12641;18;12640;25;;;12657;23;;;;;12648.0;0.0
1;65400;ASH_COATED_OSMIUM;9993;10;9991;20;;;10005;12;;;;;10001.0;0.0
1;65400;INTARIAN_PEPPER_ROOT;12642;9;12638;20;;;12654;23;;;;;12647.5;0.0
1;65500;ASH_COATED_OSMIUM;9994;14;9989;25;;;10010;11;10012;28;;;10001.5;0.0
1;65500;INTARIAN_PEPPER_ROOT;12640;9;12638;23;;;12657;20;12655;22;;;12647.0;0.0
1;65600;ASH_COATED_OSMIUM;9993;10;9990;21;;;10010;29;10013;22;;;10001.0;0.0
1;65600;INTARIAN_PEPPER_ROOT;12638;10;12638;24;;;12653;9;;;;;12646.5;0.0
1;65700;ASH_COATED_OSMIUM;9993;20;9991;29;;;10009;15;10014;24;;;10000.5;0.0
1;65700;INTARIAN_PEPPER_ROOT;12638;10;12638;22;;;12647;11;;;;;12646.0;0.0
1;65800;ASH_COATED_OSMIUM;9991;25;9989;27;;;10005;15;10010;23;;;10000.0;0.0
1;65800;INTARIAN_PEPPER_ROOT;12640;16;;;;;12654;21;12655;18;;;12645.5;0.0
1;65900;ASH_COATED_OSMIUM;9992;15;;;;;10008;11;;;;;10000.0;0.0
1;65900;INTARIAN_PEPPER_ROOT;12637;11;12638;19;;;12651;10;12654;17;;;12645.0;0.0
1;66000;ASH_COATED_OSMIUM;9993;10;9989;21;;;10009;11;10011;26;;;9999.5;0.0
1;66000;INTARIAN_PEPPER_ROOT;12638;8;;;;;12650;12;12653;19;;;12644.5;0.0
1;66100;ASH_COATED_OSMIUM;9991;21;9987;26;;;10007;10;;;;;9998.5;0.0
1;66100;INTARIAN_PEPPER_ROOT;12638;11;12636;15;;;12650;11;12654;25;;;12644.0;0.0
1;66200;ASH_COATED_OSMIUM;9991;12;;;;;10007;11;10009;22;;;9999.0;0.0
1;66200;INTARIAN_PEPPER_ROOT;12637;12;12636;18;;;12651;19;12655;25;;;12643.5;0.0
1;66300;ASH_COATED_OSMIUM;9990;15;9989;25;;;10007;13;10009;30;10013;25;9999.0;0.0
1;66300;INTARIAN_PEPPER_ROOT;12637;9;;;;;12650;12;12651;24;;;12642.5;0.0
1;66400;ASH_COATED_OSMIUM;9991;10;;;;;10010;13;10010;22;;;9999.0;0.0
1;66400;INTARIAN_PEPPER_ROOT;12636;9;12632;21;;;12648;12;12652;20;;;12642.0;0.0
1;66500;ASH_COATED_OSMIUM;9991;11;9989;20;;;10007;13;10010;21;;;9999.0;0.0
1;66500;INTARIAN_PEPPER_ROOT;12635;12;12632;21;;;12647;8;12653;17;;;12641.5;0.0
1;66600;ASH_COATED_OSMIUM;9991;8;;;;;10007;14;;;;;9998.5;0.0
1;66600;INTARIAN_PEPPER_ROOT;12634;12;;;;;12648;22;12650;15;;;12641.0;0.0
1;66700;ASH_COATED_OSMIUM;9991;22;9988;23;;;10007;14;;;;;9999.0;0.0
1;66700;INTARIAN_PEPPER_ROOT;12635;9;12632;22;;;12648;11;12650;16;;;12640.5;0.0
1;66800;ASH_COATED_OSMIUM;9991;12;;;9984;21;10007;27;;;;;9998.5;0.0
1;66800;INTARIAN_PEPPER_ROOT;12633;8;12630;17;;;12647;8;12650;20;;;12640.0;0.0
1;66900;ASH_COATED_OSMIUM;9991;8;9989;26;;;10009;10;10009;27;;;9998.5;0.0
1;66900;INTARIAN_PEPPER_ROOT;12633;9;;;;;12646;23;;;12655;17;12639.5;0.0
1;67000;ASH_COATED_OSMIUM;9989;15;9989;27;;;10007;15;10010;24;;;9998.5;0.0
1;67000;INTARIAN_PEPPER_ROOT;12634;10;;;;;12645;10;;;;;12639.0;0.0
1;67100;ASH_COATED_OSMIUM;9991;13;9988;25;;;10004;13;10009;26;;;9999.0;0.0
1;67100;INTARIAN_PEPPER_ROOT;12632;12;;;;;12645;8;12648;16;;;12638.5;0.0
1;67200;ASH_COATED_OSMIUM;9990;23;9988;30;;;10007;15;10010;27;;;9999.0;0.0
1;67200;INTARIAN_PEPPER_ROOT;12632;9;;;;;12646;10;12646;25;;;12638.0;0.0
1;67300;ASH_COATED_OSMIUM;9991;14;9988;29;;;10008;11;10010;28;;;9998.5;0.0
1;67300;INTARIAN_PEPPER_ROOT;12632;10;12628;15;;;12644;10;;;;;12637.5;0.0
1;67400;ASH_COATED_OSMIUM;9991;29;;;;;10007;12;10005;14;;;9999.0;0.0
1;67400;INTARIAN_PEPPER_ROOT;12631;10;12628;15;;;12646;9;;;;;12637.0;0.0
1;67500;ASH_COATED_OSMIUM;9996;27;9988;30;;;10007;23;10010;28;;;9999.0;0.0
1;67500;INTARIAN_PEPPER_ROOT;12631;10;;;;;12638;8;12646;19;;;12636.5;0.0
1;67600;ASH_COATED_OSMIUM;9991;12;9989;21;;;10007;21;;;;;9999.0;0.0
1;67600;INTARIAN_PEPPER_ROOT;12630;11;12628;20;;;12642;11;12644;16;;;12635.5;0.0
1;67700;ASH_COATED_OSMIUM;9992;10;;;;;10010;20;10010;25;;;9999.5;0.0
1;67700;INTARIAN_PEPPER_ROOT;12630;10;;;;;12644;8;12645;25;;;12635.0;0.0
