day;timestamp;product;bid_price_1;bid_volume_1;bid_price_2;bid_volume_2;bid_price_3;bid_volume_3;ask_price_1;ask_volume_1;ask_price_2;ask_volume_2;ask_price_3;ask_volume_3;mid_price;profit_and_loss
2;0;ASH_COATED_OSMIUM;9991;11;;;;;10009;14;10011;25;;;10000.0;0.0
2;0;INTARIAN_PEPPER_ROOT;13627;9;;;13620;16;13641;10;13644;20;;;13633.5;0.0
2;100;ASH_COATED_OSMIUM;9992;27;9989;29;9986;27;10008;4;10010;29;;;9999.5;0.0
2;100;INTARIAN_PEPPER_ROOT;13623;25;;;;;13639;9;13643;19;;;13633.0;0.0
2;200;ASH_COATED_OSMIUM;9992;15;9988;23;;;10008;14;;;;;9999.5;0.0
2;200;INTARIAN_PEPPER_ROOT;13626;18;13622;20;;;13639;12;;;;;13632.5;0.0
2;300;ASH_COATED_OSMIUM;9992;29;9990;25;;;10008;20;;;;;9999.5;0.0
2;300;INTARIAN_PEPPER_ROOT;13625;8;13621;17;;;13639;24;13642;17;;;13632.0;0.0
2;400;ASH_COATED_OSMIUM;9992;15;9990;20;;;10009;14;10011;20;;;10000.0;0.0
2;400;INTARIAN_PEPPER_ROOT;13625;8;;;;;13638;12;13640;22;;;13631.5;0.0
2;500;ASH_COATED_OSMIUM;9991;14;;;;;10008;12;10011;25;;;10000.0;0.0
2;500;INTARIAN_PEPPER_ROOT;13624;9;13623;17;;;13637;9;13640;9;;;13630.5;0.0
2;600;ASH_COATED_OSMIUM;9992;15;;;;;10009;11;10010;24;;;10000.0;0.0
2;600;INTARIAN_PEPPER_ROOT;13624;17;13620;17;;;13637;11;13639;22;;;13630.0;0.0
2;700;ASH_COATED_OSMIUM;9992;14;;;;;10008;12;10010;21;;;9999.5;0.0
2;700;INTARIAN_PEPPER_ROOT;13623;20;;;;;13638;10;;;;;13629.5;0.0
2;800;ASH_COATED_OSMIUM;9991;11;9992;21;;;10007;21;;;;;9999.0;0.0
2;800;INTARIAN_PEPPER_ROOT;13621;25;13619;19;;;13637;10;;;;;13629.0;0.0
2;900;ASH_COATED_OSMIUM;9995;25;9988;30;;;10008;14;10009;21;;;9999.0;0.0
2;900;INTARIAN_PEPPER_ROOT;13622;8;13620;19;13616;22;13631;10;;;;;13628.5;0.0
2;1000;ASH_COATED_OSMIUM;9992;11;9988;21;;;10010;14;10010;23;;;9999.5;0.0
2;1000;INTARIAN_PEPPER_ROOT;13622;9;13619;18;;;13634;9;13638;15;;;13628.0;0.0
2;1100;ASH_COATED_OSMIUM;9991;10;9989;22;;;10008;2;10010;20;;;10000.0;0.0
2;1100;INTARIAN_PEPPER_ROOT;13622;17;13620;23;;;13634;9;13638;17;;;13627.5;0.0
2;1200;ASH_COATED_OSMIUM;9992;25;9988;20;;;10008;13;10010;21;;;9999.5;0.0
2;1200;INTARIAN_PEPPER_ROOT;13620;12;;;;;13633;9;13638;16;;;13627.0;0.0
2;1300;ASH_COATED_OSMIUM;9992;10;;;;;10008;11;10012;24;;;10000.0;0.0
2;1300;INTARIAN_PEPPER_ROOT;13620;12;13615;16;;;13632;12;13635;25;;;13626.5;0.0
2;1400;ASH_COATED_OSMIUM;9991;11;;;;;10008;15;;;;;9999.0;0.0
2;1400;INTARIAN_PEPPER_ROOT;13621;18;;;;;13633;12;13637;23;;;13626.0;0.0
2;1500;ASH_COATED_OSMIUM;9993;13;;;;;10007;14;;;;;9998.5;0.0
2;1500;INTARIAN_PEPPER_ROOT;13619;10;13614;16;;;13633;11;13635;17;;;13625.5;0.0
2;1600;ASH_COATED_OSMIUM;9989;14;9986;24;;;10006;13;;;;;9998.0;0.0
2;1600;INTARIAN_PEPPER_ROOT;13618;8;13614;19;;;13630;18;13633;8;;;13624.5;0.0
2;1700;ASH_COATED_OSMIUM;9991;11;9988;27;;;10004;13;10009;24;;;9999.0;0.0
2;1700;INTARIAN_PEPPER_ROOT;13616;9;;;;;13630;24;13633;21;;;13624.0;0.0
2;1800;ASH_COATED_OSMIUM;9995;11;9990;22;;;10009;15;10012;26;;;9999.5;0.0
2;1800;INTARIAN_PEPPER_ROOT;13617;9;13614;16;;;13631;8;;;;;13623.5;0.0
2;1900;ASH_COATED_OSMIUM;9991;12;;;;;10008;13;;;;;10000.0;0.0
2;1900;INTARIAN_PEPPER_ROOT;13615;9;13614;19;;;13631;21;;;;;13623.0;0.0
2;2000;ASH_COATED_OSMIUM;9991;11;9990;26;;;10008;10;10011;24;;;10000.0;0.0
2;2000;INTARIAN_PEPPER_ROOT;13615;9;13614;23;;;13629;11;;;;;13622.5;0.0
2;2100;ASH_COATED_OSMIUM;9992;11;9990;21;;;10008;20;10010;26;;;9999.5;0.0
2;2100;INTARIAN_PEPPER_ROOT;13618;9;13613;9;;;13629;10;;;;;13622.0;0.0
2;2200;ASH_COATED_OSMIUM;9991;27;9988;29;;;10009;15;;;;;9999.5;0.0
2;2200;INTARIAN_PEPPER_ROOT;13616;8;13613;19;;;13628;9;13631;23;;;13621.5;0.0
2;2300;ASH_COATED_OSMIUM;9989;11;9990;20;;;10008;27;10010;20;;;9999.5;0.0
2;2300;INTARIAN_PEPPER_ROOT;13614;20;13612;15;;;13628;8;13630;15;;;13621.0;0.0
2;2400;ASH_COATED_OSMIUM;9997;13;9989;20;;;10008;14;10011;27;;;9999.5;0.0
2;2400;INTARIAN_PEPPER_ROOT;13614;12;13610;17;;;13628;10;13630;17;;;13620.5;0.0
2;2500;ASH_COATED_OSMIUM;9991;15;9989;21;;;10008;11;;;;;10000.0;0.0
2;2500;INTARIAN_PEPPER_ROOT;13614;18;13612;19;;;13626;9;13630;25;;;13620.0;0.0
2;2600;ASH_COATED_OSMIUM;9991;25;9989;23;;;10008;15;10011;30;;;10000.0;0.0
2;2600;INTARIAN_PEPPER_ROOT;13614;8;13611;17;;;13626;12;;;;;13619.5;0.0
2;2700;ASH_COATED_OSMIUM;9993;27;9990;12;;;10009;14;10012;25;;;10000.5;0.0
2;2700;INTARIAN_PEPPER_ROOT;13614;10;13610;20;;;13625;10;13631;18;;;13619.0;0.0
2;2800;ASH_COATED_OSMIUM;9992;8;9991;30;;;10009;4;10011;21;;;10000.5;0.0
2;2800;INTARIAN_PEPPER_ROOT;13611;10;13611;16;;;13624;11;;;;;13618.0;0.0
2;2900;ASH_COATED_OSMIUM;9993;11;;;;;10009;14;;;;;10001.0;0.0
2;2900;INTARIAN_PEPPER_ROOT;13611;10;13608;23;;;13624;8;13626;22;;;13617.5;0.0
2;3000;ASH_COATED_OSMIUM;9991;11;;;;;10004;13;10011;12;;;10000.5;0.0
2;3000;INTARIAN_PEPPER_ROOT;13610;24;13608;21;;;13623;12;;;;;13617.0;0.0
2;3100;ASH_COATED_OSMIUM;9992;13;9990;29;;;10009;10;;;;;10001.0;0.0
2;3100;INTARIAN_PEPPER_ROOT;13609;24;13606;25;;;13625;18;;;;;13616.5;0.0
2;3200;ASH_COATED_OSMIUM;9992;11;9990;21;;;10009;23;;;;;10000.5;0.0
2;3200;INTARIAN_PEPPER_ROOT;13609;12;;;;;13624;8;13626;19;;;13616.0;0.0
2;3300;ASH_COATED_OSMIUM;9992;13;9989;26;;;10008;14;10012;22;;;10000.0;0.0
2;3300;INTARIAN_PEPPER_ROOT;13610;11;13606;17;;;13623;9;13625;17;;;13615.5;0.0
2;3400;ASH_COATED_OSMIUM;9989;10;9993;20;;;10008;13;10011;30;;;9999.5;0.0
2;3400;INTARIAN_PEPPER_ROOT;13607;16;13605;16;;;13623;11;;;;;13615.0;0.0
2;3500;ASH_COATED_OSMIUM;9992;14;;;;;10008;11;10012;29;;;10000.0;0.0
2;3500;INTARIAN_PEPPER_ROOT;13609;18;13611;22;;;13620;10;13623;25;;;13614.5;0.0
2;3600;ASH_COATED_OSMIUM;9991;11;9989;29;;;10010;12;;;;;10000.0;0.0
2;3600;INTARIAN_PEPPER_ROOT;13607;9;;;;;13624;11;13624;17;;;13614.0;0.0
2;3700;ASH_COATED_OSMIUM;9993;13;;;;;10009;20;;;;;10000.5;0.0
2;3700;INTARIAN_PEPPER_ROOT;13606;12;13604;18;;;13620;10;;;;;13613.5;0.0
2;3800;ASH_COATED_OSMIUM;9993;25;9990;30;;;10009;20;10011;22;;;10000.5;0.0
2;3800;INTARIAN_PEPPER_ROOT;13606;8;13604;24;;;13620;9;13621;19;;;13613.0;0.0
2;3900;ASH_COATED_OSMIUM;9992;12;;;;;10008;13;10011;30;;;10000.0;0.0
2;3900;INTARIAN_PEPPER_ROOT;13606;9;13604;23;;;13618;8;13622;23;;;13612.0;0.0
2;4000;ASH_COATED_OSMIUM;9991;11;;;;;10008;15;;;;;10000.0;0.0
2;4000;INTARIAN_PEPPER_ROOT;13602;9;;;;;13619;23;13621;19;;;13611.5;0.0
2;4100;ASH_COATED_OSMIUM;9997;14;;;;;10010;11;;;;;10000.0;0.0
2;4100;INTARIAN_PEPPER_ROOT;13606;9;;;;;13617;10;13619;18;;;13611.0;0.0
2;4200;ASH_COATED_OSMIUM;9992;13;9990;27;;;10008;27;10011;25;;;9999.5;0.0
2;4200;INTARIAN_PEPPER_ROOT;13604;16;13601;18;;;13619;15;13619;24;;;13610.5;0.0
2;4300;ASH_COATED_OSMIUM;9992;10;;;;;10008;14;10010;28;;;9999.5;0.0
2;4300;INTARIAN_PEPPER_ROOT;13603;8;13600;17;;;13616;12;13615;17;;;13610.0;0.0
2;4400;ASH_COATED_OSMIUM;9991;10;;;;;10008;15;10011;24;;;10000.0;0.0
2;4400;INTARIAN_PEPPER_ROOT;13604;24;;;13597;20;13618;8;13618;20;;;13609.5;0.0
2;4500;ASH_COATED_OSMIUM;9991;10;9989;23;;;10010;11;10013;21;;;10000.0;0.0
2;4500;INTARIAN_PEPPER_ROOT;13603;10;13599;15;;;13616;10;13619;17;;;13609.0;0.0
2;4600;ASH_COATED_OSMIUM;9992;12;;;;;10009;13;10010;26;;;9999.5;0.0
2;4600;INTARIAN_PEPPER_ROOT;13602;9;13598;18;;;13615;8;;;;;13608.5;0.0
2;4700;ASH_COATED_OSMIUM;9992;25;;;;;10008;10;10011;24;;;10000.0;0.0
2;4700;INTARIAN_PEPPER_ROOT;13602;11;;;;;13614;11;13619;22;;;13608.0;0.0
2;4800;ASH_COATED_OSMIUM;9991;14;9990;10;;;10008;12;10011;21;;;10000.0;0.0
2;4800;INTARIAN_PEPPER_ROOT;13604;10;13598;22;;;13613;8;13617;17;;;13607.5;0.0
2;4900;ASH_COATED_OSMIUM;9992;14;9988;20;;;10009;10;10011;28;;;10000.0;0.0
2;4900;INTARIAN_PEPPER_ROOT;13601;12;13599;16;;;13613;11;13617;18;;;13607.0;0.0
2;5000;ASH_COATED_OSMIUM;9990;24;9989;25;;;10008;15;10011;26;;;9999.5;0.0
2;5000;INTARIAN_PEPPER_ROOT;13600;9;;;;;13612;8;13616;21;;;13606.5;0.0
2;5100;ASH_COATED_OSMIUM;9992;23;9989;27;;;10008;14;;;;;10000.0;0.0
2;5100;INTARIAN_PEPPER_ROOT;13598;25;13597;25;;;13613;9;;;;;13606.0;0.0
2;5200;ASH_COATED_OSMIUM;9991;10;9988;23;;;10008;13;10011;21;;;10000.0;0.0
2;5200;INTARIAN_PEPPER_ROOT;13599;24;13595;21;;;13612;8;13616;19;;;13605.0;0.0
2;5300;ASH_COATED_OSMIUM;9993;5;9991;22;;;10010;15;10011;24;;;10000.5;0.0
2;5300;INTARIAN_PEPPER_ROOT;13596;12;13596;15;;;13611;12;13613;25;;;13604.5;0.0
2;5400;ASH_COATED_OSMIUM;9993;10;;;;;10005;15;10013;22;;;10000.5;0.0
2;5400;INTARIAN_PEPPER_ROOT;13597;12;13595;20;;;13610;12;13614;9;;;13604.0;0.0
2;5500;ASH_COATED_OSMIUM;9993;10;9990;21;;;10009;7;10011;22;;;10001.0;0.0
2;5500;INTARIAN_PEPPER_ROOT;13598;19;13594;16;;;13611;9;13613;18;;;13603.5;0.0
2;5600;ASH_COATED_OSMIUM;9996;14;9991;23;;;10009;15;10011;21;;;10000.5;0.0
2;5600;INTARIAN_PEPPER_ROOT;13597;22;13594;25;;;13611;11;;;;;13603.0;0.0
2;5700;ASH_COATED_OSMIUM;9993;10;;;;;10010;13;;;10017;27;10001.0;0.0
2;5700;INTARIAN_PEPPER_ROOT;13594;11;13593;17;;;13608;10;13614;15;;;13602.5;0.0
2;5800;ASH_COATED_OSMIUM;9993;13;;;;;10010;27;10010;26;;;10001.5;0.0
2;5800;INTARIAN_PEPPER_ROOT;13596;8;13594;19;;;13611;12;13613;21;;;13602.0;0.0
2;5900;ASH_COATED_OSMIUM;9990;14;9990;21;;;10004;13;10012;28;;;10000.5;0.0
2;5900;INTARIAN_PEPPER_ROOT;13595;12;;;;;13607;20;;;;;13601.5;0.0
2;6000;ASH_COATED_OSMIUM;9991;12;9990;22;;;10009;10;;;;;10000.5;0.0
2;6000;INTARIAN_PEPPER_ROOT;13594;23;13592;21;;;13609;15;13605;24;;;13601.0;0.0
2;6100;ASH_COATED_OSMIUM;9991;30;;;;;10008;14;10010;20;;;10000.0;0.0
2;6100;INTARIAN_PEPPER_ROOT;13595;8;13592;20;;;13608;10;13609;24;;;13600.5;0.0
2;6200;ASH_COATED_OSMIUM;9992;14;9990;23;;;10008;12;10010;25;;;10000.0;0.0
2;6200;INTARIAN_PEPPER_ROOT;13595;12;13590;23;;;13607;9;13610;17;;;13600.0;0.0
2;6300;ASH_COATED_OSMIUM;9993;13;9991;20;;;10010;4;;;;;10000.5;0.0
2;6300;INTARIAN_PEPPER_ROOT;13594;10;13590;22;;;13606;12;13609;24;;;13599.5;0.0
2;6400;ASH_COATED_OSMIUM;9991;12;9990;28;;;10009;12;10012;28;;;10000.5;0.0
2;6400;INTARIAN_PEPPER_ROOT;13593;11;13589;25;;;13606;11;;;;;13598.5;0.0
2;6500;ASH_COATED_OSMIUM;9993;2;9989;21;;;10007;14;10011;20;;;10001.0;0.0
2;6500;INTARIAN_PEPPER_ROOT;13590;10;13589;16;;;13605;11;13607;22;;;13598.0;0.0
2;6600;ASH_COATED_OSMIUM;9992;2;9995;21;;;10008;10;;;;;10000.0;0.0
2;6600;INTARIAN_PEPPER_ROOT;13592;12;;;;;13604;22;13606;17;;;13597.5;0.0
2;6700;ASH_COATED_OSMIUM;9991;14;;;9985;29;10010;30;10011;29;;;10000.5;0.0
2;6700;INTARIAN_PEPPER_ROOT;13591;19;13588;20;;;13604;11;13607;25;;;13597.0;0.0
2;6800;ASH_COATED_OSMIUM;9992;15;9994;25;;;10009;15;10013;26;;;10001.0;0.0
2;6800;INTARIAN_PEPPER_ROOT;13589;8;13588;20;;;13602;12;13607;16;;;13596.5;0.0
2;6900;ASH_COATED_OSMIUM;9992;24;9989;20;;;10008;14;10010;21;;;10000.0;0.0
2;6900;INTARIAN_PEPPER_ROOT;13590;19;;;;;13603;18;13604;16;;;13596.0;0.0
2;7000;ASH_COATED_OSMIUM;9995;30;;;;;10009;12;10012;30;;;10000.5;0.0
2;7000;INTARIAN_PEPPER_ROOT;13588;23;13587;22;;;13602;8;;;;;13595.5;0.0
2;7100;ASH_COATED_OSMIUM;9996;11;;;;;10009;11;10013;27;;;10000.5;0.0
2;7100;INTARIAN_PEPPER_ROOT;13589;8;13587;24;;;13599;8;13605;15;;;13595.0;0.0
2;7200;ASH_COATED_OSMIUM;9993;15;9991;26;;;10009;11;10013;24;;;10001.0;0.0
2;7200;INTARIAN_PEPPER_ROOT;13589;10;13590;22;;;13601;9;;;;;13594.5;0.0
2;7300;ASH_COATED_OSMIUM;9993;20;9992;28;;;10010;11;10012;20;;;10001.5;0.0
2;7300;INTARIAN_PEPPER_ROOT;13587;10;13585;25;;;13601;12;;;;;13594.0;0.0
2;7400;ASH_COATED_OSMIUM;9992;14;9991;20;;;10009;26;10012;25;;;10001.0;0.0
2;7400;INTARIAN_PEPPER_ROOT;13588;10;13584;18;;;13601;8;13601;19;;;13593.5;0.0
2;7500;ASH_COATED_OSMIUM;9992;11;9990;22;9986;24;10011;12;10011;30;;;10001.0;0.0
2;7500;INTARIAN_PEPPER_ROOT;13587;12;13583;17;;;13601;9;13603;24;;;13593.0;0.0
2;7600;ASH_COATED_OSMIUM;9991;14;9989;21;;;10010;10;;;;;10000.5;0.0
2;7600;INTARIAN_PEPPER_ROOT;13587;10;13583;19;;;13601;10;;;;;13592.5;0.0
2;7700;ASH_COATED_OSMIUM;9992;13;9991;20;;;10009;14;10012;22;;;10001.0;0.0
2;7700;INTARIAN_PEPPER_ROOT;13586;10;13580;11;;;13600;9;13599;18;;;13591.5;0.0
2;7800;ASH_COATED_OSMIUM;9991;30;9991;25;;;10009;13;10011;25;;;10000.5;0.0
2;7800;INTARIAN_PEPPER_ROOT;13586;9;;;;;13599;10;13600;25;;;13591.0;0.0
2;7900;ASH_COATED_OSMIUM;9993;12;9990;22;;;10009;30;;;;;10001.0;0.0
2;7900;INTARIAN_PEPPER_ROOT;13582;10;13581;24;;;13598;10;;;;;13590.5;0.0
2;8000;ASH_COATED_OSMIUM;9998;14;9991;29;;;10010;14;10012;26;;;10000.5;0.0
2;8000;INTARIAN_PEPPER_ROOT;13584;11;;;;;13598;7;13600;24;;;13590.0;0.0
2;8100;ASH_COATED_OSMIUM;9992;12;9990;23;;;10009;10;10010;20;;;10000.0;0.0
2;8100;INTARIAN_PEPPER_ROOT;13584;12;;;;;13595;18;;;;;13589.5;0.0
2;8200;ASH_COATED_OSMIUM;9992;10;9990;15;;;10009;24;;;;;9999.5;0.0
2;8200;INTARIAN_PEPPER_ROOT;13583;9;13580;21;;;13595;9;13599;22;;;13589.0;0.0
2;8300;ASH_COATED_OSMIUM;9991;10;;;;;10007;13;10010;27;;;9999.0;0.0
2;8300;INTARIAN_PEPPER_ROOT;13583;8;13580;9;;;13595;23;;;;;13588.5;0.0
2;8400;ASH_COATED_OSMIUM;9996;14;9989;30;;;10007;13;10009;24;;;9999.0;0.0
2;8400;INTARIAN_PEPPER_ROOT;13582;8;13578;15;;;13594;11;;;;;13588.0;0.0
2;8500;ASH_COATED_OSMIUM;9991;13;9989;30;;;10007;13;10010;29;;;9998.5;0.0
2;8500;INTARIAN_PEPPER_ROOT;13581;10;13580;22;;;13595;10;13597;22;;;13587.5;0.0
2;8600;ASH_COATED_OSMIUM;9992;15;9994;22;;;10008;10;10011;20;;;9999.5;0.0
2;8600;INTARIAN_PEPPER_ROOT;13579;11;13579;21;;;13594;10;13596;19;;;13587.0;0.0
2;8700;ASH_COATED_OSMIUM;9992;10;9988;10;;;10008;12;;;;;9999.5;0.0
2;8700;INTARIAN_PEPPER_ROOT;13580;12;13575;25;;;13592;8;13596;19;;;13586.5;0.0
2;8800;ASH_COATED_OSMIUM;9992;13;9990;28;;;10008;10;10010;26;;;9999.5;0.0
2;8800;INTARIAN_PEPPER_ROOT;13580;12;13575;23;;;13594;9;;;;;13585.5;0.0
2;8900;ASH_COATED_OSMIUM;9993;10;9994;22;;;10009;12;;;;;10001.0;0.0
2;8900;INTARIAN_PEPPER_ROOT;13578;12;;;13573;24;13592;11;13596;25;;;13585.0;0.0
2;9000;ASH_COATED_OSMIUM;9991;29;;;;;10009;13;;;;;10001.0;0.0
2;9000;INTARIAN_PEPPER_ROOT;13576;21;13575;19;;;13591;10;13595;23;;;13584.5;0.0
2;9100;ASH_COATED_OSMIUM;9992;10;;;;;10009;15;10013;24;;;10001.0;0.0
2;9100;INTARIAN_PEPPER_ROOT;13583;11;13574;24;;;13590;3;13592;23;;;13584.0;0.0
2;9200;ASH_COATED_OSMIUM;9992;15;9992;29;;;10010;13;;;;;10001.5;0.0
2;9200;INTARIAN_PEPPER_ROOT;13578;9;13571;21;;;13591;18;13593;15;;;13583.5;0.0
2;9300;ASH_COATED_OSMIUM;9993;11;9990;21;;;10009;13;;;;;10001.0;0.0
2;9300;INTARIAN_PEPPER_ROOT;13576;8;;;;;13591;10;13593;19;;;13583.0;0.0
2;9400;ASH_COATED_OSMIUM;9991;11;9991;22;;;10009;11;10011;23;;;10000.5;0.0
2;9400;INTARIAN_PEPPER_ROOT;13577;10;13579;20;;;13589;17;13592;16;;;13582.5;0.0
2;9500;ASH_COATED_OSMIUM;9998;13;;;;;10010;4;10011;25;;;10000.5;0.0
2;9500;INTARIAN_PEPPER_ROOT;13577;8;13573;19;;;13587;11;;;;;13582.0;0.0
2;9600;ASH_COATED_OSMIUM;9996;15;;;;;10011;11;10012;20;;;10001.0;0.0
2;9600;INTARIAN_PEPPER_ROOT;13576;21;13573;18;;;13588;12;13590;9;;;13581.5;0.0
2;9700;ASH_COATED_OSMIUM;9998;15;;;;;10009;14;10011;24;;;10000.5;0.0
2;9700;INTARIAN_PEPPER_ROOT;13574;9;13573;19;;;13588;8;13591;20;;;13581.0;0.0
2;9800;ASH_COATED_OSMIUM;9993;15;9991;23;;;10011;12;10012;29;;;10001.0;0.0
2;9800;INTARIAN_PEPPER_ROOT;13574;9;;;;;13589;11;13592;15;;;13580.5;0.0
2;9900;ASH_COATED_OSMIUM;9993;13;;;;;10009;13;10014;22;;;10001.0;0.0
2;9900;INTARIAN_PEPPER_ROOT;13573;8;13572;21;;;13584;23;13590;18;;;13580.0;0.0
2;10000;ASH_COATED_OSMIUM;9992;11;9992;23;;;10010;12;;;;;10001.5;0.0
2;10000;INTARIAN_PEPPER_ROOT;13573;12;;;;;13588;18;;;;;13579.0;0.0
2;10100;ASH_COATED_OSMIUM;9993;15;9991;22;;;10011;12;10014;24;;;10002.0;0.0
2;10100;INTARIAN_PEPPER_ROOT;13570;25;13575;24;;;13584;10;13587;25;;;13578.5;0.0
2;10200;ASH_COATED_OSMIUM;9994;13;9992;26;;;10010;14;10013;29;;;10001.5;0.0
2;10200;INTARIAN_PEPPER_ROOT;13568;9;13569;22;;;13583;10;13588;16;;;13578.0;0.0
2;10300;ASH_COATED_OSMIUM;9994;14;9992;23;;;10010;11;;;;;10001.5;0.0
2;10300;INTARIAN_PEPPER_ROOT;13571;19;13569;17;;;13584;9;13587;16;;;13577.5;0.0
2;10400;ASH_COATED_OSMIUM;9994;10;9991;27;;;10011;29;10013;28;;;10001.5;0.0
2;10400;INTARIAN_PEPPER_ROOT;13570;9;13568;23;;;13585;12;13588;18;;;13577.0;0.0
2;10500;ASH_COATED_OSMIUM;9993;13;;;;;10010;11;10012;27;;;10002.0;0.0
2;10500;INTARIAN_PEPPER_ROOT;13571;20;13567;16;;;13583;11;13586;24;;;13576.5;0.0
2;10600;ASH_COATED_OSMIUM;9994;15;;;;;10010;22;10015;30;;;10002.0;0.0
2;10600;INTARIAN_PEPPER_ROOT;13569;9;13567;20;;;13582;23;;;;;13576.0;0.0
2;10700;ASH_COATED_OSMIUM;9993;13;9997;26;;;10011;12;10014;30;;;10002.0;0.0
2;10700;INTARIAN_PEPPER_ROOT;13569;10;13565;16;;;13583;9;13586;22;;;13575.5;0.0
2;10800;ASH_COATED_OSMIUM;9994;10;9991;28;;;10010;14;10014;24;10016;29;10002.0;0.0
2;10800;INTARIAN_PEPPER_ROOT;13568;9;13566;16;;;13581;8;13585;15;;;13575.0;0.0
2;10900;ASH_COATED_OSMIUM;9994;13;;;;;10010;10;10012;29;;;10002.0;0.0
2;10900;INTARIAN_PEPPER_ROOT;13573;12;;;;;13581;9;13584;24;;;13574.5;0.0
2;11000;ASH_COATED_OSMIUM;9994;11;;;;;10010;14;10013;29;;;10002.0;0.0
2;11000;INTARIAN_PEPPER_ROOT;13568;8;13565;23;;;13581;12;;;;;13574.0;0.0
2;11100;ASH_COATED_OSMIUM;9992;12;9992;24;;;10010;15;;;;;10001.5;0.0
2;11100;INTARIAN_PEPPER_ROOT;13567;10;13564;24;;;13581;15;13583;19;;;13573.5;0.0
2;11200;ASH_COATED_OSMIUM;9994;13;9990;24;;;10011;11;10013;24;;;10001.5;0.0
2;11200;INTARIAN_PEPPER_ROOT;13567;9;13565;17;;;13581;9;13581;23;;;13572.5;0.0
2;11300;ASH_COATED_OSMIUM;9993;5;9990;24;;;10009;11;10011;29;;;10001.0;0.0
2;11300;INTARIAN_PEPPER_ROOT;13565;12;13563;15;;;13579;8;13582;19;;;13572.0;0.0
2;11400;ASH_COATED_OSMIUM;9993;15;;;;;10006;15;10013;27;;;10001.5;0.0
2;11400;INTARIAN_PEPPER_ROOT;13565;10;13563;18;;;13579;10;13580;16;;;13571.5;0.0
2;11500;ASH_COATED_OSMIUM;9994;14;9990;24;;;10011;11;10013;25;;;10001.5;0.0
2;11500;INTARIAN_PEPPER_ROOT;13565;20;;;;;13578;8;13579;24;;;13571.0;0.0
2;11600;ASH_COATED_OSMIUM;9993;20;9994;25;;;10009;12;;;;;10001.0;0.0
2;11600;INTARIAN_PEPPER_ROOT;13565;10;13561;17;;;13578;8;;;;;13570.5;0.0
2;11700;ASH_COATED_OSMIUM;9993;22;;;;;10011;15;10012;26;;;10001.0;0.0
2;11700;INTARIAN_PEPPER_ROOT;13563;10;;;;;13577;12;13580;20;;;13570.0;0.0
2;11800;ASH_COATED_OSMIUM;9998;10;9996;23;;;10009;13;;;;;10001.0;0.0
2;11800;INTARIAN_PEPPER_ROOT;13562;9;13560;16;;;13578;11;13574;16;;;13569.5;0.0
2;11900;ASH_COATED_OSMIUM;9992;10;;;;;10009;11;;;;;10001.0;0.0
2;11900;INTARIAN_PEPPER_ROOT;13563;12;;;;;13578;22;13578;21;;;13569.0;0.0
2;12000;ASH_COATED_OSMIUM;9998;13;;;;;10010;11;10012;24;;;10000.5;0.0
2;12000;INTARIAN_PEPPER_ROOT;13563;15;;;;;13574;8;;;;;13568.5;0.0
2;12100;ASH_COATED_OSMIUM;9992;14;9989;20;;;10008;13;10011;24;;;10000.0;0.0
2;12100;INTARIAN_PEPPER_ROOT;13562;10;13558;16;;;13574;11;;;;;13568.0;0.0
2;12200;ASH_COATED_OSMIUM;9993;28;;;;;10009;13;10011;21;;;10000.5;0.0
2;12200;INTARIAN_PEPPER_ROOT;13561;8;13558;23;;;13573;11;;;;;13567.5;0.0
2;12300;ASH_COATED_OSMIUM;9992;10;9990;22;;;10008;26;10005;21;;;9999.5;0.0
2;12300;INTARIAN_PEPPER_ROOT;13561;8;13560;22;;;13573;9;13576;23;;;13567.0;0.0
2;12400;ASH_COATED_OSMIUM;9992;10;;;9987;21;10008;14;;;;;10000.0;0.0
2;12400;INTARIAN_PEPPER_ROOT;13558;9;13558;19;;;13572;12;;;;;13566.0;0.0
2;12500;ASH_COATED_OSMIUM;9993;13;9990;22;;;10010;13;10011;30;;;10000.5;0.0
2;12500;INTARIAN_PEPPER_ROOT;13559;12;;;;;13573;12;13576;11;;;13565.5;0.0
2;12600;ASH_COATED_OSMIUM;9994;13;;;;;10010;10;10013;20;;;10001.5;0.0
2;12600;INTARIAN_PEPPER_ROOT;13559;11;;;;;13573;12;13574;25;;;13565.0;0.0
2;12700;ASH_COATED_OSMIUM;9990;10;;;;;10010;13;10011;25;;;10000.5;0.0
2;12700;INTARIAN_PEPPER_ROOT;13557;12;13555;15;;;13570;12;13574;19;;;13564.5;0.0
2;12800;ASH_COATED_OSMIUM;9992;13;9991;25;;;10009;27;;;;;10000.5;0.0
2;12800;INTARIAN_PEPPER_ROOT;13558;11;13554;25;;;13572;15;13568;23;;;13564.0;0.0
2;12900;ASH_COATED_OSMIUM;9992;12;9991;30;;;10009;14;10012;30;;;10001.0;0.0
2;12900;INTARIAN_PEPPER_ROOT;13558;8;;;;;13571;8;13573;24;;;13563.5;0.0
2;13000;ASH_COATED_OSMIUM;9992;14;;;;;10009;11;10007;22;;;10001.0;0.0
2;13000;INTARIAN_PEPPER_ROOT;13557;9;13554;16;;;13570;12;13573;25;;;13563.0;0.0
2;13100;ASH_COATED_OSMIUM;9996;14;;;;;10009;11;10012;26;;;10000.5;0.0
2;13100;INTARIAN_PEPPER_ROOT;13555;12;13553;18;;;13568;10;;;;;13562.5;0.0
2;13200;ASH_COATED_OSMIUM;9993;14;9991;22;;;10009;12;10012;23;;;10000.5;0.0
2;13200;INTARIAN_PEPPER_ROOT;13556;8;13554;18;;;13569;10;13571;16;;;13562.0;0.0
2;13300;ASH_COATED_OSMIUM;9993;14;;;;;10010;27;;;;;10000.5;0.0
2;13300;INTARIAN_PEPPER_ROOT;13556;11;13554;19;;;13568;8;;;;;13561.5;0.0
2;13400;ASH_COATED_OSMIUM;9993;13;9990;27;9985;21;10009;12;10011;23;;;10000.5;0.0
2;13400;INTARIAN_PEPPER_ROOT;13556;12;13551;18;;;13567;10;13569;23;;;13561.0;0.0
2;13500;ASH_COATED_OSMIUM;9993;13;;;;;10009;11;10013;22;;;10001.0;0.0
2;13500;INTARIAN_PEPPER_ROOT;13554;11;13552;22;13550;18;13567;12;;;;;13560.5;0.0
2;13600;ASH_COATED_OSMIUM;9993;15;9991;27;;;10009;15;10017;27;;;10000.5;0.0
2;13600;INTARIAN_PEPPER_ROOT;13553;16;;;;;13566;11;13569;16;;;13559.5;0.0
2;13700;ASH_COATED_OSMIUM;9995;23;9989;22;9987;25;10009;15;10011;26;10014;26;9999.5;0.0
2;13700;INTARIAN_PEPPER_ROOT;13551;8;13551;17;;;13566;9;13568;25;;;13559.0;0.0
2;13800;ASH_COATED_OSMIUM;9992;13;9989;27;;;10008;14;;;10015;20;9999.5;0.0
2;13800;INTARIAN_PEPPER_ROOT;13552;4;;;;;13567;12;13567;16;;;13558.5;0.0
2;13900;ASH_COATED_OSMIUM;9991;15;9988;26;;;10008;13;;;;;9999.0;0.0
2;13900;INTARIAN_PEPPER_ROOT;13553;10;13550;15;;;13565;12;;;;;13558.0;0.0
2;14000;ASH_COATED_OSMIUM;9991;10;9989;22;;;10005;15;10010;21;;;9999.0;0.0
2;14000;INTARIAN_PEPPER_ROOT;13551;11;13549;18;;;13568;11;13567;24;13570;17;13557.5;0.0
2;14100;ASH_COATED_OSMIUM;9991;15;9988;25;;;10007;12;;;;;9998.5;0.0
2;14100;INTARIAN_PEPPER_ROOT;13551;8;13548;15;;;13563;8;;;;;13557.0;0.0
2;14200;ASH_COATED_OSMIUM;9991;15;9988;21;;;10008;10;10009;28;;;9998.5;0.0
2;14200;INTARIAN_PEPPER_ROOT;13551;22;;;;;13565;12;13566;21;;;13556.5;0.0
2;14300;ASH_COATED_OSMIUM;9991;15;;;;;10008;15;;;;;9999.0;0.0
2;14300;INTARIAN_PEPPER_ROOT;13551;15;;;;;13562;10;;;;;13556.0;0.0
2;14400;ASH_COATED_OSMIUM;9991;24;9988;23;;;10007;15;;;;;9999.0;0.0
2;14400;INTARIAN_PEPPER_ROOT;13549;8;13547;20;;;13563;20;13564;25;;;13555.5;0.0
2;14500;ASH_COATED_OSMIUM;9991;12;9989;30;;;10007;12;10009;23;;;9999.0;0.0
2;14500;INTARIAN_PEPPER_ROOT;13553;9;;;;;13562;16;13565;24;;;13555.0;0.0
2;14600;ASH_COATED_OSMIUM;9992;15;;;;;10008;12;10010;23;;;9999.5;0.0
2;14600;INTARIAN_PEPPER_ROOT;13548;19;;;;;13561;10;13564;21;;;13554.5;0.0
2;14700;ASH_COATED_OSMIUM;9991;5;9989;28;;;10007;11;10009;25;;;9999.0;0.0
2;14700;INTARIAN_PEPPER_ROOT;13547;11;;;;;13561;8;;;;;13554.0;0.0
2;14800;ASH_COATED_OSMIUM;9991;11;9989;27;;;10007;15;10010;30;;;9999.0;0.0
2;14800;INTARIAN_PEPPER_ROOT;13546;8;;;;;13560;8;;;;;13553.0;0.0
2;14900;ASH_COATED_OSMIUM;9991;14;9988;27;;;10002;2;;;;;9999.0;0.0
2;14900;INTARIAN_PEPPER_ROOT;13546;12;13544;23;;;13559;12;13563;24;;;13552.5;0.0
2;15000;ASH_COATED_OSMIUM;9990;13;;;;;10008;11;;;;;10000.0;0.0
2;15000;INTARIAN_PEPPER_ROOT;13546;15;;;;;13559;12;;;13563;15;13552.0;0.0
2;15100;ASH_COATED_OSMIUM;9992;12;9990;20;;;10008;26;10010;24;;;10000.0;0.0
2;15100;INTARIAN_PEPPER_ROOT;13546;20;13542;20;;;13558;12;13561;21;;;13551.5;0.0
2;15200;ASH_COATED_OSMIUM;9992;12;;;;;10008;15;;;;;10000.0;0.0
2;15200;INTARIAN_PEPPER_ROOT;13546;9;13542;25;;;13558;8;;;;;13551.0;0.0
2;15300;ASH_COATED_OSMIUM;9991;12;;;;;10008;11;10011;30;;;10000.0;0.0
2;15300;INTARIAN_PEPPER_ROOT;13544;19;13540;21;;;13558;16;13561;20;;;13550.5;0.0
2;15400;ASH_COATED_OSMIUM;9991;28;9989;22;;;10008;15;;;;;10000.0;0.0
2;15400;INTARIAN_PEPPER_ROOT;13549;16;13540;22;;;13557;6;;;;;13550.0;0.0
2;15500;ASH_COATED_OSMIUM;9990;10;9989;13;;;10009;13;10011;25;;;9999.5;0.0
2;15500;INTARIAN_PEPPER_ROOT;13544;11;13542;16;;;13556;9;;;;;13549.5;0.0
2;15600;ASH_COATED_OSMIUM;9992;12;;;;;10008;13;10011;25;;;10000.0;0.0
2;15600;INTARIAN_PEPPER_ROOT;13542;22;13543;19;;;13551;11;;;;;13549.0;0.0
2;15700;ASH_COATED_OSMIUM;9992;13;;;;;10008;22;;;;;9999.5;0.0
2;15700;INTARIAN_PEPPER_ROOT;13542;11;;;;;13555;9;13557;23;;;13548.5;0.0
2;15800;ASH_COATED_OSMIUM;9991;14;9988;21;;;10007;11;10010;11;;;9999.0;0.0
2;15800;INTARIAN_PEPPER_ROOT;13542;10;;;;;13555;9;;;;;13548.0;0.0
2;15900;ASH_COATED_OSMIUM;9992;14;9989;30;;;10008;21;;;;;9999.5;0.0
2;15900;INTARIAN_PEPPER_ROOT;13541;7;;;;;13553;10;13558;15;;;13547.5;0.0
2;16000;ASH_COATED_OSMIUM;9990;10;9988;22;;;10008;15;10010;24;;;9999.5;0.0
2;16000;INTARIAN_PEPPER_ROOT;13541;10;13540;24;;;13556;15;;;;;13547.0;0.0
2;16100;ASH_COATED_OSMIUM;9992;15;9989;23;;;10008;13;10010;25;;;9999.5;0.0
2;16100;INTARIAN_PEPPER_ROOT;13539;12;13535;18;;;13552;19;;;;;13546.0;0.0
2;16200;ASH_COATED_OSMIUM;9990;26;;;;;10009;15;10010;30;;;9999.5;0.0
2;16200;INTARIAN_PEPPER_ROOT;13538;12;13536;16;;;13553;8;13555;9;;;13545.5;0.0
2;16300;ASH_COATED_OSMIUM;9992;15;9989;24;;;10008;12;10012;28;;;9999.5;0.0
2;16300;INTARIAN_PEPPER_ROOT;13538;11;13536;15;;;13552;9;13555;12;;;13545.0;0.0
2;16400;ASH_COATED_OSMIUM;9991;11;;;;;10008;24;10010;29;;;9999.5;0.0
2;16400;INTARIAN_PEPPER_ROOT;13536;8;13536;16;;;13554;10;;;;;13544.5;0.0
2;16500;ASH_COATED_OSMIUM;9994;13;;;;;10008;13;10010;27;;;9999.5;0.0
2;16500;INTARIAN_PEPPER_ROOT;13538;11;13535;15;;;13550;9;;;;;13544.0;0.0
2;16600;ASH_COATED_OSMIUM;9991;11;;;;;10007;13;10010;26;;;9999.0;0.0
2;16600;INTARIAN_PEPPER_ROOT;13536;18;13535;22;;;13551;16;;;;;13543.5;0.0
2;16700;ASH_COATED_OSMIUM;9993;14;9992;24;;;10004;23;10011;23;;;9999.0;0.0
2;16700;INTARIAN_PEPPER_ROOT;13537;8;13533;25;;;13550;9;13553;20;;;13543.0;0.0
2;16800;ASH_COATED_OSMIUM;9991;13;9994;24;9986;28;10007;13;;;;;9999.0;0.0
2;16800;INTARIAN_PEPPER_ROOT;13541;23;13535;18;;;13549;12;13551;16;;;13542.5;0.0
2;16900;ASH_COATED_OSMIUM;9991;14;9989;21;;;10007;10;;;;;9999.0;0.0
2;16900;INTARIAN_PEPPER_ROOT;13536;10;;;;;13548;10;13554;16;;;13542.0;0.0
2;17000;ASH_COATED_OSMIUM;9991;13;9988;21;9987;22;10008;13;10012;24;;;10000.0;0.0
2;17000;INTARIAN_PEPPER_ROOT;13535;11;13533;18;;;13545;12;;;;;13541.5;0.0
2;17100;ASH_COATED_OSMIUM;9990;14;9989;13;9984;27;10008;10;10011;25;;;9999.5;0.0
2;17100;INTARIAN_PEPPER_ROOT;13535;8;13532;24;;;13549;9;13552;19;;;13541.0;0.0
2;17200;ASH_COATED_OSMIUM;9992;12;9989;25;9985;21;10009;12;10010;28;;;9999.5;0.0
2;17200;INTARIAN_PEPPER_ROOT;13534;8;;;;;13548;12;13550;25;;;13540.5;0.0
2;17300;ASH_COATED_OSMIUM;9991;13;9992;25;;;10009;27;10011;30;;;9999.5;0.0
2;17300;INTARIAN_PEPPER_ROOT;13532;9;13532;25;;;13548;9;13553;19;;;13540.0;0.0
2;17400;ASH_COATED_OSMIUM;9992;11;;;;;10008;13;10012;27;;;10000.0;0.0
2;17400;INTARIAN_PEPPER_ROOT;13532;12;13528;19;;;13546;8;13548;18;;;13539.0;0.0
2;17500;ASH_COATED_OSMIUM;9992;11;9990;28;;;10009;12;10011;20;;;9999.5;0.0
2;17500;INTARIAN_PEPPER_ROOT;13532;11;13529;24;13529;17;13545;12;13549;21;;;13538.5;0.0
2;17600;ASH_COATED_OSMIUM;9991;15;9989;22;;;10007;11;10010;25;;;9999.0;0.0
2;17600;INTARIAN_PEPPER_ROOT;13531;11;13529;21;;;13546;25;;;;;13538.0;0.0
2;17700;ASH_COATED_OSMIUM;9990;13;;;;;10007;10;10009;20;;;9999.0;0.0
2;17700;INTARIAN_PEPPER_ROOT;13534;9;;;;;13544;11;13547;24;;;13537.5;0.0
2;17800;ASH_COATED_OSMIUM;9991;11;9992;12;;;10008;13;10010;27;;;9998.5;0.0
2;17800;INTARIAN_PEPPER_ROOT;13530;8;13528;25;;;13543;11;13547;17;;;13537.0;0.0
2;17900;ASH_COATED_OSMIUM;9991;14;9989;12;;;10008;30;10010;29;;;9998.5;0.0
2;17900;INTARIAN_PEPPER_ROOT;13529;8;13527;15;;;13543;10;13546;18;;;13536.5;0.0
2;18000;ASH_COATED_OSMIUM;9990;11;9987;25;;;10007;23;;;;;9998.0;0.0
2;18000;INTARIAN_PEPPER_ROOT;13528;11;13527;21;;;13544;10;13547;23;;;13536.0;0.0
2;18100;ASH_COATED_OSMIUM;9990;14;9987;27;;;10006;13;10008;20;;;9998.0;0.0
2;18100;INTARIAN_PEPPER_ROOT;13529;10;13526;16;;;13542;9;13546;19;;;13535.5;0.0
2;18200;ASH_COATED_OSMIUM;9991;13;;;;;10007;11;10010;29;;;9998.5;0.0
2;18200;INTARIAN_PEPPER_ROOT;13529;9;13527;25;;;13542;12;13544;25;;;13535.0;0.0
2;18300;ASH_COATED_OSMIUM;9992;15;9990;10;;;10008;12;;;;;9999.5;0.0
2;18300;INTARIAN_PEPPER_ROOT;13529;8;13526;17;;;13542;12;13544;20;;;13534.5;0.0
2;18400;ASH_COATED_OSMIUM;9990;15;9989;26;;;10004;13;10007;20;;;9999.0;0.0
2;18400;INTARIAN_PEPPER_ROOT;13527;11;;;;;13541;9;13543;22;;;13534.0;0.0
2;18500;ASH_COATED_OSMIUM;9997;11;9988;24;;;10008;13;;;;;9999.5;0.0
2;18500;INTARIAN_PEPPER_ROOT;13528;17;13524;19;;;13540;9;13542;18;;;13533.5;0.0
2;18600;ASH_COATED_OSMIUM;9992;15;9988;21;;;10008;12;10010;22;;;10000.0;0.0
2;18600;INTARIAN_PEPPER_ROOT;13527;15;13524;22;;;13539;12;13542;15;;;13532.5;0.0
2;18700;ASH_COATED_OSMIUM;9992;14;9990;26;;;10005;13;;;;;10000.0;0.0
2;18700;INTARIAN_PEPPER_ROOT;13526;11;;;;;13538;11;13542;19;;;13532.0;0.0
2;18800;ASH_COATED_OSMIUM;9991;11;9990;22;;;10009;14;10012;25;;;10000.5;0.0
2;18800;INTARIAN_PEPPER_ROOT;13525;3;13522;22;;;13538;11;13542;25;13548;19;13531.5;0.0
2;18900;ASH_COATED_OSMIUM;9992;11;;;;;10009;10;10012;30;;;10001.0;0.0
2;18900;INTARIAN_PEPPER_ROOT;13526;11;13523;19;;;13540;8;;;;;13531.0;0.0
2;19000;ASH_COATED_OSMIUM;9992;13;9989;30;;;10010;6;10011;22;;;10001.0;0.0
2;19000;INTARIAN_PEPPER_ROOT;13525;8;13520;23;;;13536;12;;;;;13530.5;0.0
2;19100;ASH_COATED_OSMIUM;9993;12;;;;;10010;11;10012;22;;;10001.0;0.0
2;19100;INTARIAN_PEPPER_ROOT;13522;12;;;;;13537;8;13540;12;;;13530.0;0.0
2;19200;ASH_COATED_OSMIUM;9992;12;;;;;10008;8;10011;25;;;10000.0;0.0
2;19200;INTARIAN_PEPPER_ROOT;13524;8;13521;20;;;13538;11;13539;19;;;13529.5;0.0
2;19300;ASH_COATED_OSMIUM;9993;15;9990;22;;;10010;13;10012;22;;;10000.5;0.0
2;19300;INTARIAN_PEPPER_ROOT;13523;9;13522;19;;;13536;11;;;;;13529.0;0.0
2;19400;ASH_COATED_OSMIUM;9990;15;9993;21;;;10008;14;10011;23;;;10000.0;0.0
2;19400;INTARIAN_PEPPER_ROOT;13522;12;13521;20;;;13537;9;;;;;13528.5;0.0
2;19500;ASH_COATED_OSMIUM;9991;30;9991;21;;;10004;29;;;;;10000.5;0.0
2;19500;INTARIAN_PEPPER_ROOT;13521;12;;;;;13534;11;13538;24;;;13528.0;0.0
2;19600;ASH_COATED_OSMIUM;9997;11;;;;;10009;15;10011;24;;;10000.5;0.0
2;19600;INTARIAN_PEPPER_ROOT;13520;8;13519;16;;;13535;16;;;;;13527.5;0.0
2;19700;ASH_COATED_OSMIUM;9993;14;;;;;10009;12;10011;23;10018;29;10001.0;0.0
2;19700;INTARIAN_PEPPER_ROOT;13520;9;13517;25;;;13533;8;13537;18;;;13527.0;0.0
2;19800;ASH_COATED_OSMIUM;9991;12;9990;12;9988;26;10009;10;10012;30;;;10001.0;0.0
2;19800;INTARIAN_PEPPER_ROOT;13520;24;13517;17;;;13533;12;13536;19;;;13526.5;0.0
2;19900;ASH_COATED_OSMIUM;9993;14;9991;26;;;10010;12;10013;20;;;10000.5;0.0
2;19900;INTARIAN_PEPPER_ROOT;13519;12;;;;;13534;12;13536;22;;;13525.5;0.0
2;20000;ASH_COATED_OSMIUM;9993;14;9990;23;;;10009;15;10013;14;10015;27;10000.5;0.0
2;20000;INTARIAN_PEPPER_ROOT;13520;9;;;;;13533;8;13533;16;;;13525.0;0.0
2;20100;ASH_COATED_OSMIUM;9992;12;9991;21;;;10009;11;10012;30;;;10000.5;0.0
2;20100;INTARIAN_PEPPER_ROOT;13519;11;13516;23;;;13531;12;13534;25;;;13524.5;0.0
2;20200;ASH_COATED_OSMIUM;9993;14;9990;21;;;10009;21;10011;27;;;10001.0;0.0
2;20200;INTARIAN_PEPPER_ROOT;13519;12;13514;22;;;13531;24;13532;25;;;13524.0;0.0
2;20300;ASH_COATED_OSMIUM;9992;29;9991;22;;;10010;11;;;;;10001.5;0.0
2;20300;INTARIAN_PEPPER_ROOT;13517;9;13514;18;;;13530;8;13533;24;;;13523.5;0.0
2;20400;ASH_COATED_OSMIUM;9994;20;9992;28;;;10010;14;10012;22;;;10001.5;0.0
2;20400;INTARIAN_PEPPER_ROOT;13518;8;13513;25;;;13532;11;13533;18;;;13523.0;0.0
2;20500;ASH_COATED_OSMIUM;9994;10;9992;25;;;10012;12;10013;23;;;10001.5;0.0
2;20500;INTARIAN_PEPPER_ROOT;13516;10;13514;20;;;13530;11;13532;21;;;13522.5;0.0
2;20600;ASH_COATED_OSMIUM;9996;11;9991;30;;;10011;24;10012;24;;;10001.0;0.0
2;20600;INTARIAN_PEPPER_ROOT;13517;19;13513;22;;;13529;12;13533;21;;;13522.0;0.0
2;20700;ASH_COATED_OSMIUM;9998;14;;;9987;28;10010;14;;;;;10001.5;0.0
2;20700;INTARIAN_PEPPER_ROOT;13515;11;;;;;13528;12;13530;24;;;13521.5;0.0
2;20800;ASH_COATED_OSMIUM;9993;15;9990;27;;;10011;10;10012;20;;;10001.0;0.0
2;20800;INTARIAN_PEPPER_ROOT;13515;19;13512;21;;;13528;11;13530;15;;;13521.0;0.0
2;20900;ASH_COATED_OSMIUM;9991;11;9991;30;9988;23;10007;13;;;;;10001.5;0.0
2;20900;INTARIAN_PEPPER_ROOT;13513;8;13510;16;;;13527;9;13530;15;;;13520.5;0.0
2;21000;ASH_COATED_OSMIUM;9992;22;9990;22;;;10009;11;;;;;10000.5;0.0
2;21000;INTARIAN_PEPPER_ROOT;13514;17;13511;20;;;13527;11;13529;22;;;13519.5;0.0
2;21100;ASH_COATED_OSMIUM;9993;10;9991;20;;;10011;10;10011;22;;;10001.0;0.0
2;21100;INTARIAN_PEPPER_ROOT;13511;9;;;;;13526;8;13533;17;;;13519.0;0.0
2;21200;ASH_COATED_OSMIUM;9996;13;;;;;10004;12;;;;;10001.0;0.0
2;21200;INTARIAN_PEPPER_ROOT;13512;18;13510;19;;;13526;25;13527;16;;;13518.5;0.0
2;21300;ASH_COATED_OSMIUM;9993;15;;;;;10009;13;10006;26;10015;30;10000.5;0.0
2;21300;INTARIAN_PEPPER_ROOT;13511;17;13508;24;;;13525;8;13528;10;;;13518.0;0.0
2;21400;ASH_COATED_OSMIUM;9991;10;;;;;10008;5;10010;21;;;10000.0;0.0
2;21400;INTARIAN_PEPPER_ROOT;13512;10;13508;21;;;13526;11;;;;;13517.5;0.0
2;21500;ASH_COATED_OSMIUM;9993;13;9991;22;;;10009;12;;;;;10000.5;0.0
2;21500;INTARIAN_PEPPER_ROOT;13511;10;13508;15;;;13523;10;;;;;13517.0;0.0
2;21600;ASH_COATED_OSMIUM;9993;13;9990;26;;;10006;15;10011;25;;;10000.5;0.0
2;21600;INTARIAN_PEPPER_ROOT;13515;10;;;;;13523;11;;;;;13516.5;0.0
2;21700;ASH_COATED_OSMIUM;9993;27;9990;29;;;10009;11;;;;;10000.5;0.0
2;21700;INTARIAN_PEPPER_ROOT;13511;8;;;;;13523;12;13524;22;;;13516.0;0.0
2;21800;ASH_COATED_OSMIUM;9992;14;9988;21;;;10008;4;;;;;10000.0;0.0
2;21800;INTARIAN_PEPPER_ROOT;13510;9;13507;23;;;13523;9;;;;;13515.5;0.0
2;21900;ASH_COATED_OSMIUM;9992;15;9990;25;;;10008;28;10010;26;;;10000.0;0.0
2;21900;INTARIAN_PEPPER_ROOT;13509;24;;;;;13521;10;13524;21;;;13515.0;0.0
2;22000;ASH_COATED_OSMIUM;9991;13;9988;24;;;10010;10;10010;23;;;10000.0;0.0
2;22000;INTARIAN_PEPPER_ROOT;13508;9;;;;;13521;10;;;;;13514.5;0.0
2;22100;ASH_COATED_OSMIUM;9993;15;9991;22;;;10009;15;10006;27;;;10000.5;0.0
2;22100;INTARIAN_PEPPER_ROOT;13507;8;13504;20;;;13521;10;13524;15;;;13514.0;0.0
2;22200;ASH_COATED_OSMIUM;9992;13;;;;;10010;13;;;;;10000.0;0.0
2;22200;INTARIAN_PEPPER_ROOT;13507;9;13505;15;;;13521;9;;;;;13513.0;0.0
2;22300;ASH_COATED_OSMIUM;9991;11;;;;;10009;14;10008;13;;;9999.5;0.0
2;22300;INTARIAN_PEPPER_ROOT;13506;9;;;;;13519;9;13523;15;;;13512.5;0.0
2;22400;ASH_COATED_OSMIUM;9995;28;;;;;10008;4;;;;;9999.5;0.0
2;22400;INTARIAN_PEPPER_ROOT;13507;8;;;;;13519;11;13522;17;;;13512.0;0.0
2;22500;ASH_COATED_OSMIUM;9992;14;9987;28;;;10008;12;;;;;9999.5;0.0
2;22500;INTARIAN_PEPPER_ROOT;13502;12;;;;;13518;8;;;;;13511.5;0.0
2;22600;ASH_COATED_OSMIUM;9990;11;;;;;10009;15;;;;;9999.5;0.0
2;22600;INTARIAN_PEPPER_ROOT;13505;8;13500;15;;;13520;11;13521;17;;;13511.0;0.0
2;22700;ASH_COATED_OSMIUM;9992;13;9989;20;;;10010;21;10012;28;;;10000.0;0.0
2;22700;INTARIAN_PEPPER_ROOT;13504;11;13501;25;;;13513;22;;;;;13510.5;0.0
2;22800;ASH_COATED_OSMIUM;9990;11;9991;23;;;10009;13;;;;;10000.5;0.0
2;22800;INTARIAN_PEPPER_ROOT;13504;12;13499;22;;;13519;12;13519;8;;;13510.0;0.0
2;22900;ASH_COATED_OSMIUM;9998;10;9990;30;;;10008;13;10011;28;10014;30;10000.0;0.0
2;22900;INTARIAN_PEPPER_ROOT;13503;12;;;;;13515;10;13519;24;;;13509.5;0.0
2;23000;ASH_COATED_OSMIUM;9997;14;9989;30;;;10008;12;10010;24;;;9999.5;0.0
2;23000;INTARIAN_PEPPER_ROOT;13503;8;13500;20;;;13516;9;13518;18;13519;16;13509.0;0.0
2;23100;ASH_COATED_OSMIUM;9991;23;9988;24;;;10007;28;;;;;9999.0;0.0
2;23100;INTARIAN_PEPPER_ROOT;13503;16;13499;24;;;13516;12;;;;;13508.5;0.0
2;23200;ASH_COATED_OSMIUM;9992;15;;;;;10008;10;10011;30;;;9999.5;0.0
2;23200;INTARIAN_PEPPER_ROOT;13501;24;13499;23;;;13516;8;13518;16;;;13508.0;0.0
2;23300;ASH_COATED_OSMIUM;9991;13;9990;29;;;10008;13;;;;;9999.5;0.0
2;23300;INTARIAN_PEPPER_ROOT;13501;18;;;;;13513;9;;;;;13507.0;0.0
2;23400;ASH_COATED_OSMIUM;9991;12;9989;28;;;10008;15;10011;24;;;9999.5;0.0
2;23400;INTARIAN_PEPPER_ROOT;13501;8;13502;18;;;13514;15;13516;25;;;13506.5;0.0
2;23500;ASH_COATED_OSMIUM;9992;11;;;;;10008;12;10011;29;;;10000.0;0.0
2;23500;INTARIAN_PEPPER_ROOT;13499;10;;;;;13512;8;13516;15;;;13506.0;0.0
2;23600;ASH_COATED_OSMIUM;9992;22;9989;12;;;10011;12;;;;;10000.0;0.0
2;23600;INTARIAN_PEPPER_ROOT;13499;12;13495;18;;;13512;11;;;;;13505.5;0.0
2;23700;ASH_COATED_OSMIUM;9992;15;;;;;10008;14;10010;24;;;10000.0;0.0
2;23700;INTARIAN_PEPPER_ROOT;13496;11;13496;25;;;13511;9;;;;;13505.0;0.0
2;23800;ASH_COATED_OSMIUM;9992;15;;;;;10009;26;10011;26;;;10001.0;0.0
2;23800;INTARIAN_PEPPER_ROOT;13499;9;;;;;13511;23;;;;;13504.5;0.0
2;23900;ASH_COATED_OSMIUM;9994;11;9991;20;;;10011;10;10012;29;10018;25;10001.5;0.0
2;23900;INTARIAN_PEPPER_ROOT;13503;25;;;;;13512;10;13513;21;;;13504.0;0.0
2;24000;ASH_COATED_OSMIUM;9996;11;;;;;10009;10;10013;28;10017;21;10001.0;0.0
2;24000;INTARIAN_PEPPER_ROOT;13498;8;13494;25;;;13510;12;13518;22;;;13503.5;0.0
2;24100;ASH_COATED_OSMIUM;9992;23;;;;;10010;10;10012;27;;;10001.0;0.0
2;24100;INTARIAN_PEPPER_ROOT;13497;23;13493;16;;;13510;10;13513;18;;;13503.0;0.0
2;24200;ASH_COATED_OSMIUM;9993;3;9994;29;;;10004;14;10012;28;;;10000.5;0.0
2;24200;INTARIAN_PEPPER_ROOT;13497;11;;;;;13510;25;13512;24;;;13502.5;0.0
2;24300;ASH_COATED_OSMIUM;9996;23;9990;29;;;10006;10;;;;;10000.5;0.0
2;24300;INTARIAN_PEPPER_ROOT;13495;11;13493;24;;;13508;10;;;;;13502.0;0.0
2;24400;ASH_COATED_OSMIUM;9993;14;9990;28;;;10009;24;10013;26;;;10001.0;0.0
2;24400;INTARIAN_PEPPER_ROOT;13493;17;13492;21;;;13507;11;13511;25;;;13501.0;0.0
2;24500;ASH_COATED_OSMIUM;9992;12;9991;28;;;10009;23;;;;;10000.5;0.0
2;24500;INTARIAN_PEPPER_ROOT;13494;12;13492;18;;;13509;8;13510;15;;;13500.5;0.0
2;24600;ASH_COATED_OSMIUM;9992;14;;;;;10009;14;;;;;10000.5;0.0
2;24600;INTARIAN_PEPPER_ROOT;13492;9;13491;24;;;13507;8;;;;;13500.0;0.0
2;24700;ASH_COATED_OSMIUM;9993;13;9991;29;;;10009;13;10012;26;;;10000.5;0.0
2;24700;INTARIAN_PEPPER_ROOT;13498;8;13490;21;;;13505;8;13509;21;;;13499.5;0.0
2;24800;ASH_COATED_OSMIUM;9996;13;9994;29;;;10010;14;10011;20;;;10000.5;0.0
2;24800;INTARIAN_PEPPER_ROOT;13493;10;13490;20;;;13506;10;13509;18;;;13499.0;0.0
2;24900;ASH_COATED_OSMIUM;9996;13;9990;26;9988;21;10009;12;10011;30;;;10001.0;0.0
2;24900;INTARIAN_PEPPER_ROOT;13492;8;;;;;13505;11;13508;8;;;13498.5;0.0
2;25000;ASH_COATED_OSMIUM;9993;10;;;;;10010;15;10011;30;;;10001.0;0.0
2;25000;INTARIAN_PEPPER_ROOT;13492;11;;;;;13504;12;13508;20;;;13498.0;0.0
2;25100;ASH_COATED_OSMIUM;9992;29;;;;;10008;11;10011;20;;;10000.0;0.0
2;25100;INTARIAN_PEPPER_ROOT;13491;8;13488;24;;;13506;11;13508;24;;;13497.5;0.0
2;25200;ASH_COATED_OSMIUM;9993;14;;;;;10009;11;;;;;10001.0;0.0
2;25200;INTARIAN_PEPPER_ROOT;13491;12;;;;;13503;15;13505;17;;;13497.0;0.0
2;25300;ASH_COATED_OSMIUM;9991;12;9991;30;;;10009;14;10011;30;;;10000.5;0.0
2;25300;INTARIAN_PEPPER_ROOT;13490;10;13488;18;;;13503;9;13507;21;;;13496.5;0.0
2;25400;ASH_COATED_OSMIUM;9993;11;9990;25;;;10009;28;10012;27;;;10000.5;0.0
2;25400;INTARIAN_PEPPER_ROOT;13491;8;13485;20;;;13502;8;;;;;13496.0;0.0
2;25500;ASH_COATED_OSMIUM;9992;24;9989;21;;;10008;13;10010;25;;;10000.0;0.0
2;25500;INTARIAN_PEPPER_ROOT;13489;12;;;;;13502;11;13507;24;;;13495.5;0.0
2;25600;ASH_COATED_OSMIUM;9992;10;9989;21;;;10010;21;10008;27;;;10000.0;0.0
2;25600;INTARIAN_PEPPER_ROOT;13488;8;13485;15;;;13501;11;13504;12;;;13494.5;0.0
2;25700;ASH_COATED_OSMIUM;9992;10;9989;29;;;10010;12;10012;25;;;10000.0;0.0
2;25700;INTARIAN_PEPPER_ROOT;13488;8;;;;;13500;12;;;;;13494.0;0.0
2;25800;ASH_COATED_OSMIUM;9992;20;9990;27;;;10008;11;10011;26;;;10000.0;0.0
2;25800;INTARIAN_PEPPER_ROOT;13487;12;13483;22;;;13500;11;13502;25;;;13493.5;0.0
2;25900;ASH_COATED_OSMIUM;9991;2;9990;28;;;10008;13;10012;30;;;10000.0;0.0
2;25900;INTARIAN_PEPPER_ROOT;13486;12;13485;21;;;13502;11;13502;24;;;13493.0;0.0
2;26000;ASH_COATED_OSMIUM;9993;15;9991;29;;;10004;12;10011;21;;;10000.5;0.0
2;26000;INTARIAN_PEPPER_ROOT;13485;9;13485;22;;;13500;12;;;;;13492.5;0.0
2;26100;ASH_COATED_OSMIUM;9993;13;9989;23;;;10009;12;10011;27;;;10000.5;0.0
2;26100;INTARIAN_PEPPER_ROOT;13484;12;13483;20;;;13498;12;;;;;13492.0;0.0
2;26200;ASH_COATED_OSMIUM;9993;11;9990;26;;;10011;12;10011;28;;;10001.0;0.0
2;26200;INTARIAN_PEPPER_ROOT;13486;12;13483;17;;;13499;9;13501;18;;;13491.5;0.0
2;26300;ASH_COATED_OSMIUM;9994;22;;;;;10010;10;10013;28;;;10001.5;0.0
2;26300;INTARIAN_PEPPER_ROOT;13485;17;13484;24;;;13497;11;13502;19;;;13491.0;0.0
2;26400;ASH_COATED_OSMIUM;9994;13;;;;;10010;28;;;;;10002.0;0.0
2;26400;INTARIAN_PEPPER_ROOT;13484;10;;;;;13498;10;13503;17;;;13490.5;0.0
2;26500;ASH_COATED_OSMIUM;9993;12;;;;;10010;11;10012;25;;;10001.0;0.0
2;26500;INTARIAN_PEPPER_ROOT;13484;8;13481;20;;;13497;11;;;;;13490.0;0.0
2;26600;ASH_COATED_OSMIUM;9992;24;9991;26;;;10010;15;10011;27;;;10001.0;0.0
2;26600;INTARIAN_PEPPER_ROOT;13484;12;13480;22;;;13495;11;13501;21;;;13489.5;0.0
2;26700;ASH_COATED_OSMIUM;9993;11;9991;22;;;10009;12;;;;;10001.0;0.0
2;26700;INTARIAN_PEPPER_ROOT;13484;8;13481;18;;;13497;11;13499;15;;;13489.0;0.0
2;26800;ASH_COATED_OSMIUM;9994;15;9991;25;;;10012;15;10010;25;;;10002.0;0.0
2;26800;INTARIAN_PEPPER_ROOT;13481;9;13477;25;;;13495;11;13497;15;;;13488.0;0.0
2;26900;ASH_COATED_OSMIUM;9994;10;;;;;10010;10;10012;23;;;10002.0;0.0
2;26900;INTARIAN_PEPPER_ROOT;13482;12;13478;18;;;13494;12;13497;25;;;13487.5;0.0
2;27000;ASH_COATED_OSMIUM;9994;12;9991;29;;;10011;15;10012;30;;;10001.5;0.0
2;27000;INTARIAN_PEPPER_ROOT;13480;12;13478;20;;;13493;8;13497;17;;;13487.0;0.0
2;27100;ASH_COATED_OSMIUM;9999;15;9992;23;;;10010;15;10013;25;;;10001.5;0.0
2;27100;INTARIAN_PEPPER_ROOT;13481;11;13478;22;;;13493;11;13497;18;;;13486.5;0.0
2;27200;ASH_COATED_OSMIUM;9994;10;9992;26;;;10010;27;;;;;10001.5;0.0
2;27200;INTARIAN_PEPPER_ROOT;13482;11;;;;;13493;8;13490;23;;;13486.0;0.0
2;27300;ASH_COATED_OSMIUM;9992;27;;;;;10010;13;10013;29;;;10001.5;0.0
2;27300;INTARIAN_PEPPER_ROOT;13479;8;13476;19;;;13492;11;13495;17;;;13485.5;0.0
2;27400;ASH_COATED_OSMIUM;9993;10;9990;27;;;10009;12;10011;21;;;10001.0;0.0
2;27400;INTARIAN_PEPPER_ROOT;13479;12;13477;23;;;13492;11;13494;18;;;13485.0;0.0
2;27500;ASH_COATED_OSMIUM;9993;13;;;;;10009;30;;;;;10001.0;0.0
2;27500;INTARIAN_PEPPER_ROOT;13479;10;13473;17;;;13493;10;13494;18;;;13484.5;0.0
2;27600;ASH_COATED_OSMIUM;9993;15;;;;;10010;12;10011;30;;;10001.0;0.0
2;27600;INTARIAN_PEPPER_ROOT;13478;11;;;;;13490;8;13494;25;;;13484.0;0.0
2;27700;ASH_COATED_OSMIUM;9993;23;9993;28;;;10009;20;;;10015;21;10000.5;0.0
2;27700;INTARIAN_PEPPER_ROOT;13477;9;;;;;13490;12;13494;24;;;13483.5;0.0
2;27800;ASH_COATED_OSMIUM;9992;11;;;;;10008;11;10012;29;;;10000.0;0.0
2;27800;INTARIAN_PEPPER_ROOT;13477;10;13474;16;;;13491;8;13492;19;;;13483.0;0.0
2;27900;ASH_COATED_OSMIUM;9992;12;9988;30;;;10010;21;10011;29;;;10000.0;0.0
2;27900;INTARIAN_PEPPER_ROOT;13476;11;13472;16;;;13489;8;;;;;13482.0;0.0
2;28000;ASH_COATED_OSMIUM;9992;21;9989;26;;;10008;11;10012;23;;;10000.0;0.0
2;28000;INTARIAN_PEPPER_ROOT;13475;11;13473;15;;;13488;10;13491;17;;;13481.5;0.0
2;28100;ASH_COATED_OSMIUM;9990;12;;;;;10008;15;10011;21;;;10000.0;0.0
2;28100;INTARIAN_PEPPER_ROOT;13475;10;13473;22;;;13489;12;;;;;13481.0;0.0
2;28200;ASH_COATED_OSMIUM;9992;11;9989;21;;;10008;11;10012;25;;;9999.5;0.0
2;28200;INTARIAN_PEPPER_ROOT;13475;9;13472;15;;;13487;10;13490;24;;;13480.5;0.0
2;28300;ASH_COATED_OSMIUM;9991;27;;;;;10009;20;10012;22;10013;30;9999.5;0.0
2;28300;INTARIAN_PEPPER_ROOT;13474;11;;;;;13486;23;13490;20;;;13480.0;0.0
2;28400;ASH_COATED_OSMIUM;9993;13;;;;;10009;12;10012;29;;;10000.5;0.0
2;28400;INTARIAN_PEPPER_ROOT;13474;12;13471;23;;;13487;10;13489;24;;;13479.5;0.0
2;28500;ASH_COATED_OSMIUM;9997;15;9990;22;;;10009;15;;;;;10000.5;0.0
2;28500;INTARIAN_PEPPER_ROOT;13473;9;;;;;13485;10;13489;22;;;13479.0;0.0
2;28600;ASH_COATED_OSMIUM;9993;15;9989;27;;;10009;25;;;;;10000.5;0.0
2;28600;INTARIAN_PEPPER_ROOT;13472;11;13469;17;;;13485;12;;;;;13478.5;0.0
2;28700;ASH_COATED_OSMIUM;9993;13;;;;;10009;21;10009;26;;;10000.5;0.0
2;28700;INTARIAN_PEPPER_ROOT;13472;10;13470;21;;;13485;12;13490;23;;;13478.0;0.0
2;28800;ASH_COATED_OSMIUM;9993;11;;;;;10009;14;10011;28;;;10001.0;0.0
2;28800;INTARIAN_PEPPER_ROOT;13476;11;13466;23;;;13487;8;13488;9;;;13477.5;0.0
2;28900;ASH_COATED_OSMIUM;9996;14;9990;22;;;10009;15;10011;21;;;10000.5;0.0
2;28900;INTARIAN_PEPPER_ROOT;13469;11;13467;18;;;13484;11;13487;17;;;13477.0;0.0
2;29000;ASH_COATED_OSMIUM;9993;12;9991;29;;;10009;14;;;;;10000.5;0.0
2;29000;INTARIAN_PEPPER_ROOT;13468;11;13466;15;;;13484;12;;;;;13476.0;0.0
2;29100;ASH_COATED_OSMIUM;9992;11;;;;;10005;15;10010;27;;;10000.0;0.0
2;29100;INTARIAN_PEPPER_ROOT;13470;21;13464;18;;;13484;11;13484;24;;;13475.5;0.0
2;29200;ASH_COATED_OSMIUM;9992;10;9990;25;;;10010;14;10011;15;;;10000.0;0.0
2;29200;INTARIAN_PEPPER_ROOT;13468;9;13467;20;;;13484;9;13486;20;;;13475.0;0.0
2;29300;ASH_COATED_OSMIUM;9993;13;9991;27;;;10011;10;;;;;10000.5;0.0
2;29300;INTARIAN_PEPPER_ROOT;13473;8;13466;21;;;13483;25;;;;;13474.5;0.0
2;29400;ASH_COATED_OSMIUM;9994;10;9994;30;;;10005;13;10013;29;;;10001.5;0.0
2;29400;INTARIAN_PEPPER_ROOT;13467;8;13465;18;;;13481;10;13483;23;;;13474.0;0.0
2;29500;ASH_COATED_OSMIUM;9993;12;9990;26;;;10009;27;10012;29;;;10001.0;0.0
2;29500;INTARIAN_PEPPER_ROOT;13466;10;;;;;13480;11;;;;;13473.5;0.0
2;29600;ASH_COATED_OSMIUM;9993;12;9991;20;;;10009;21;10011;21;;;10000.5;0.0
2;29600;INTARIAN_PEPPER_ROOT;13467;12;13463;22;;;13475;8;;;;;13473.0;0.0
2;29700;ASH_COATED_OSMIUM;9993;15;9991;22;;;10011;30;10012;27;;;10000.5;0.0
2;29700;INTARIAN_PEPPER_ROOT;13465;12;13465;24;;;13480;9;13482;24;;;13472.5;0.0
2;29800;ASH_COATED_OSMIUM;9991;12;;;;;10009;10;;;;;10000.5;0.0
2;29800;INTARIAN_PEPPER_ROOT;13465;11;13462;19;;;13480;11;13482;22;;;13472.0;0.0
2;29900;ASH_COATED_OSMIUM;9992;13;;;;;10010;12;;;;;10000.5;0.0
2;29900;INTARIAN_PEPPER_ROOT;13466;8;13463;24;;;13480;9;13480;18;;;13471.5;0.0
2;30000;ASH_COATED_OSMIUM;9991;11;9989;28;;;10008;14;10010;25;;;10000.0;0.0
2;30000;INTARIAN_PEPPER_ROOT;13464;8;;;;;13473;8;13481;24;;;13471.0;0.0
2;30100;ASH_COATED_OSMIUM;9991;14;9990;29;;;10009;11;;;;;10000.5;0.0
2;30100;INTARIAN_PEPPER_ROOT;13465;12;13460;23;;;13477;25;;;;;13470.5;0.0
2;30200;ASH_COATED_OSMIUM;9993;10;9990;25;;;10009;27;;;;;10000.5;0.0
2;30200;INTARIAN_PEPPER_ROOT;13463;12;;;;;13476;10;13479;19;;;13469.5;0.0
2;30300;ASH_COATED_OSMIUM;9993;14;9987;30;;;10009;15;10009;24;;;10000.5;0.0
2;30300;INTARIAN_PEPPER_ROOT;13463;11;13461;18;;;13475;8;13480;21;;;13469.0;0.0
2;30400;ASH_COATED_OSMIUM;9993;14;;;;;10010;12;;;;;10000.5;0.0
2;30400;INTARIAN_PEPPER_ROOT;13461;9;13459;20;;;13475;12;13478;25;;;13468.5;0.0
2;30500;ASH_COATED_OSMIUM;9993;10;9991;25;;;10009;11;10006;29;;;10000.5;0.0
2;30500;INTARIAN_PEPPER_ROOT;13462;11;;;;;13476;12;13477;25;;;13468.0;0.0
2;30600;ASH_COATED_OSMIUM;9992;12;;;;;10008;10;10012;26;;;10000.0;0.0
2;30600;INTARIAN_PEPPER_ROOT;13462;9;13459;16;;;13474;12;13475;20;;;13467.5;0.0
2;30700;ASH_COATED_OSMIUM;9992;11;;;;;10008;4;10012;30;;;10000.0;0.0
2;30700;INTARIAN_PEPPER_ROOT;13460;11;13459;25;;;13473;10;;;;;13467.0;0.0
2;30800;ASH_COATED_OSMIUM;9992;12;9990;23;;;10008;10;10011;22;;;10000.0;0.0
2;30800;INTARIAN_PEPPER_ROOT;13460;11;;;;;13473;21;13475;17;;;13466.5;0.0
2;30900;ASH_COATED_OSMIUM;9991;15;9991;22;;;10009;10;10011;25;;;10000.5;0.0
2;30900;INTARIAN_PEPPER_ROOT;13460;9;13456;23;;;13472;8;;;;;13466.0;0.0
2;31000;ASH_COATED_OSMIUM;9992;15;9990;30;;;10009;13;10012;30;;;10000.5;0.0
2;31000;INTARIAN_PEPPER_ROOT;13459;8;13455;20;;;13472;8;13475;22;;;13465.5;0.0
2;31100;ASH_COATED_OSMIUM;9992;11;9992;27;;;10010;22;10015;20;;;10001.5;0.0
2;31100;INTARIAN_PEPPER_ROOT;13460;10;13456;20;;;13471;10;;;;;13465.0;0.0
2;31200;ASH_COATED_OSMIUM;9993;15;9990;23;;;10009;12;10012;27;;;10001.0;0.0
2;31200;INTARIAN_PEPPER_ROOT;13458;12;;;;;13473;11;13475;17;;;13464.5;0.0
2;31300;ASH_COATED_OSMIUM;9993;11;9990;28;;;10009;11;;;;;10001.0;0.0
2;31300;INTARIAN_PEPPER_ROOT;13459;11;13454;19;;;13471;8;13475;16;;;13464.0;0.0
2;31400;ASH_COATED_OSMIUM;9993;13;9990;25;;;10009;15;;;;;10000.5;0.0
2;31400;INTARIAN_PEPPER_ROOT;13457;12;;;;;13470;10;13472;19;;;13463.5;0.0
2;31500;ASH_COATED_OSMIUM;9993;11;9989;28;;;10009;13;10011;25;;;10001.0;0.0
2;31500;INTARIAN_PEPPER_ROOT;13462;12;13453;16;;;13470;11;13472;15;;;13463.0;0.0
2;31600;ASH_COATED_OSMIUM;9993;25;9991;26;;;10011;10;10011;27;;;10001.0;0.0
2;31600;INTARIAN_PEPPER_ROOT;13456;10;;;;;13468;9;13472;21;;;13462.0;0.0
2;31700;ASH_COATED_OSMIUM;9993;10;9990;20;;;10011;12;;;;;10001.0;0.0
2;31700;INTARIAN_PEPPER_ROOT;13456;10;;;;;13468;11;13471;15;;;13461.5;0.0
2;31800;ASH_COATED_OSMIUM;9992;12;9989;28;;;10008;11;10011;28;;;10000.0;0.0
2;31800;INTARIAN_PEPPER_ROOT;13455;11;13452;16;;;13468;6;13470;22;;;13461.0;0.0
2;31900;ASH_COATED_OSMIUM;9993;26;9991;24;;;10009;15;;;;;10000.5;0.0
2;31900;INTARIAN_PEPPER_ROOT;13453;8;13454;16;;;13468;10;;;;;13460.5;0.0
2;32000;ASH_COATED_OSMIUM;9990;28;9991;23;;;10009;15;10013;26;;;10000.5;0.0
2;32000;INTARIAN_PEPPER_ROOT;13454;12;;;;;13467;10;;;;;13460.0;0.0
2;32100;ASH_COATED_OSMIUM;9991;15;9989;25;;;10008;23;10010;23;;;10000.0;0.0
2;32100;INTARIAN_PEPPER_ROOT;13453;9;13451;22;;;13467;8;13468;25;;;13459.5;0.0
2;32200;ASH_COATED_OSMIUM;9992;14;;;;;10008;15;10010;22;;;9999.5;0.0
2;32200;INTARIAN_PEPPER_ROOT;13452;10;;;;;13465;12;;;;;13459.0;0.0
2;32300;ASH_COATED_OSMIUM;9992;29;;;;;10008;11;;;;;10000.0;0.0
2;32300;INTARIAN_PEPPER_ROOT;13452;10;13445;19;;;13465;12;13467;22;;;13458.5;0.0
2;32400;ASH_COATED_OSMIUM;9997;14;9990;23;;;10008;13;10011;21;;;10000.0;0.0
2;32400;INTARIAN_PEPPER_ROOT;13452;12;13450;15;;;13466;9;;;;;13458.0;0.0
2;32500;ASH_COATED_OSMIUM;9992;12;;;;;10008;15;;;;;10000.0;0.0
2;32500;INTARIAN_PEPPER_ROOT;13450;25;;;;;13464;10;13467;24;;;13457.5;0.0
2;32600;ASH_COATED_OSMIUM;9992;11;;;;;10009;10;10013;23;;;10000.0;0.0
2;32600;INTARIAN_PEPPER_ROOT;13450;9;13448;17;;;13464;10;13465;20;;;13457.0;0.0
2;32700;ASH_COATED_OSMIUM;9992;14;;;;;10008;15;10011;20;;;10000.0;0.0
2;32700;INTARIAN_PEPPER_ROOT;13448;11;13448;23;;;13462;19;;;;;13456.0;0.0
2;32800;ASH_COATED_OSMIUM;9992;11;9990;20;;;10008;13;10014;29;;;10000.0;0.0
2;32800;INTARIAN_PEPPER_ROOT;13449;11;13448;19;;;13463;11;;;;;13455.5;0.0
2;32900;ASH_COATED_OSMIUM;9991;10;;;;;10008;10;;;;;10000.0;0.0
2;32900;INTARIAN_PEPPER_ROOT;13449;9;13445;20;;;13461;9;13465;17;;;13455.0;0.0
2;33000;ASH_COATED_OSMIUM;9995;14;9989;29;;;10008;2;10012;28;;;9999.5;0.0
2;33000;INTARIAN_PEPPER_ROOT;13454;8;13446;22;;;13461;8;13464;22;;;13454.5;0.0
2;33100;ASH_COATED_OSMIUM;9992;4;9990;10;;;10008;14;;;;;9999.5;0.0
2;33100;INTARIAN_PEPPER_ROOT;13446;8;13445;15;;;13461;8;13464;17;;;13454.0;0.0
2;33200;ASH_COATED_OSMIUM;9992;15;;;;;10009;13;;;;;9999.5;0.0
2;33200;INTARIAN_PEPPER_ROOT;13447;8;;;13441;17;13463;8;13462;17;;;13453.5;0.0
2;33300;ASH_COATED_OSMIUM;9991;14;9990;28;;;10008;12;;;;;10000.0;0.0
2;33300;INTARIAN_PEPPER_ROOT;13447;10;13443;22;;;13461;9;13463;15;;;13453.0;0.0
2;33400;ASH_COATED_OSMIUM;9992;14;;;;;10004;12;;;;;9999.5;0.0
2;33400;INTARIAN_PEPPER_ROOT;13446;9;13444;18;;;13458;10;13463;17;;;13452.5;0.0
2;33500;ASH_COATED_OSMIUM;9992;11;;;;;10009;15;10010;26;;;9999.5;0.0
2;33500;INTARIAN_PEPPER_ROOT;13446;9;13449;19;;;13460;9;;;;;13452.0;0.0
2;33600;ASH_COATED_OSMIUM;9992;12;;;;;10008;13;;;;;9999.5;0.0
2;33600;INTARIAN_PEPPER_ROOT;13445;17;13442;19;;;13457;12;13460;24;;;13451.5;0.0
2;33700;ASH_COATED_OSMIUM;9990;30;9988;28;;;10008;21;10009;29;;;9999.0;0.0
2;33700;INTARIAN_PEPPER_ROOT;13444;11;13441;23;;;13458;10;13461;21;;;13451.0;0.0
2;33800;ASH_COATED_OSMIUM;9990;14;9988;23;;;10007;24;;;;;9999.0;0.0
2;33800;INTARIAN_PEPPER_ROOT;13444;8;13442;16;;;13458;11;;;;;13450.5;0.0
2;33900;ASH_COATED_OSMIUM;9990;27;9989;30;;;10007;10;10009;25;;;9999.0;0.0
2;33900;INTARIAN_PEPPER_ROOT;13443;22;13440;16;;;13455;8;13460;10;;;13449.5;0.0
2;34000;ASH_COATED_OSMIUM;9990;10;;;;;10009;13;;;;;9999.0;0.0
2;34000;INTARIAN_PEPPER_ROOT;13443;12;13440;20;13436;21;13456;9;13457;20;;;13449.0;0.0
2;34100;ASH_COATED_OSMIUM;9992;10;9988;29;;;10008;14;10010;27;;;9999.5;0.0
2;34100;INTARIAN_PEPPER_ROOT;13443;10;;;;;13455;9;;;;;13448.5;0.0
2;34200;ASH_COATED_OSMIUM;9992;12;;;;;10010;11;10011;27;10014;21;10000.0;0.0
2;34200;INTARIAN_PEPPER_ROOT;13441;11;13440;20;;;13455;10;13458;21;;;13448.0;0.0
2;34300;ASH_COATED_OSMIUM;9992;12;9990;23;;;10010;13;10010;26;;;10000.0;0.0
2;34300;INTARIAN_PEPPER_ROOT;13441;11;13439;18;;;13455;10;13456;24;;;13447.5;0.0
2;34400;ASH_COATED_OSMIUM;9990;10;9990;22;;;10008;22;10011;20;;;10000.0;0.0
2;34400;INTARIAN_PEPPER_ROOT;13441;23;13439;24;;;13448;8;;;;;13447.0;0.0
2;34500;ASH_COATED_OSMIUM;9993;12;;;;;10009;14;10011;27;;;10000.5;0.0
2;34500;INTARIAN_PEPPER_ROOT;13440;10;;;;;13453;11;13456;16;;;13446.5;0.0
2;34600;ASH_COATED_OSMIUM;9991;14;9991;29;;;10009;10;;;;;10000.5;0.0
2;34600;INTARIAN_PEPPER_ROOT;13439;12;;;;;13453;8;;;;;13446.0;0.0
2;34700;ASH_COATED_OSMIUM;9993;14;9991;23;;;10009;14;10013;25;;;10000.5;0.0
2;34700;INTARIAN_PEPPER_ROOT;13440;12;;;;;13453;10;13456;17;;;13445.5;0.0
2;34800;ASH_COATED_OSMIUM;9993;11;;;;;10010;11;10014;25;10014;23;10000.5;0.0
2;34800;INTARIAN_PEPPER_ROOT;13438;12;13435;15;;;13451;9;13455;20;;;13445.0;0.0
2;34900;ASH_COATED_OSMIUM;9991;12;9989;25;;;10008;10;10012;22;;;10000.0;0.0
2;34900;INTARIAN_PEPPER_ROOT;13438;12;;;;;13452;10;13453;18;;;13444.5;0.0
2;35000;ASH_COATED_OSMIUM;9991;24;9988;26;;;10007;24;10009;26;;;9999.0;0.0
2;35000;INTARIAN_PEPPER_ROOT;13437;8;;;;;13451;15;13454;20;;;13444.0;0.0
2;35100;ASH_COATED_OSMIUM;9992;14;;;;;10008;13;10010;28;;;10000.0;0.0
2;35100;INTARIAN_PEPPER_ROOT;13436;8;13436;18;;;13450;8;;;;;13443.0;0.0
2;35200;ASH_COATED_OSMIUM;9991;10;9990;30;;;10009;25;10011;23;;;10000.0;0.0
2;35200;INTARIAN_PEPPER_ROOT;13437;22;;;;;13449;10;;;;;13442.5;0.0
2;35300;ASH_COATED_OSMIUM;9992;13;9989;26;;;10008;28;10012;28;;;9999.5;0.0
2;35300;INTARIAN_PEPPER_ROOT;13436;10;13433;17;;;13451;9;13454;15;;;13442.0;0.0
2;35400;ASH_COATED_OSMIUM;9992;29;;;;;10008;15;10011;29;;;9999.5;0.0
2;35400;INTARIAN_PEPPER_ROOT;13435;9;13432;20;;;13448;25;13451;18;;;13441.5;0.0
2;35500;ASH_COATED_OSMIUM;9992;10;9989;29;;;10008;24;10012;30;;;10000.0;0.0
2;35500;INTARIAN_PEPPER_ROOT;13433;10;13432;19;;;13447;11;13450;23;;;13441.0;0.0
2;35600;ASH_COATED_OSMIUM;9996;10;9989;26;;;10009;12;10012;22;;;10000.5;0.0
2;35600;INTARIAN_PEPPER_ROOT;13434;4;13437;25;;;13448;23;;;;;13440.5;0.0
2;35700;ASH_COATED_OSMIUM;9993;11;9991;21;;;10009;28;;;;;10000.5;0.0
2;35700;INTARIAN_PEPPER_ROOT;13434;12;;;;;13449;10;13450;22;;;13440.0;0.0
2;35800;ASH_COATED_OSMIUM;9993;12;;;;;10009;14;10011;22;;;10001.0;0.0
2;35800;INTARIAN_PEPPER_ROOT;13433;11;13430;18;;;13445;17;13450;19;;;13439.5;0.0
2;35900;ASH_COATED_OSMIUM;9993;25;9991;22;;;10011;14;10011;21;;;10001.0;0.0
2;35900;INTARIAN_PEPPER_ROOT;13434;10;;;;;13441;12;13449;25;;;13439.0;0.0
2;36000;ASH_COATED_OSMIUM;9992;28;9993;21;;;10010;12;;;;;10000.0;0.0
2;36000;INTARIAN_PEPPER_ROOT;13431;11;13429;17;;;13446;8;;;;;13438.5;0.0
2;36100;ASH_COATED_OSMIUM;9996;11;9989;22;;;10009;15;10010;26;;;10000.0;0.0
2;36100;INTARIAN_PEPPER_ROOT;13432;11;13429;21;;;13444;9;13446;20;;;13437.5;0.0
2;36200;ASH_COATED_OSMIUM;9993;28;9990;29;9987;21;10009;15;10012;26;;;10000.5;0.0
2;36200;INTARIAN_PEPPER_ROOT;13429;11;13428;25;;;13444;11;13446;24;;;13437.0;0.0
2;36300;ASH_COATED_OSMIUM;9993;15;9993;23;;;10009;11;;;;;10000.5;0.0
2;36300;INTARIAN_PEPPER_ROOT;13430;8;13427;17;;;13443;9;13446;20;;;13436.5;0.0
2;36400;ASH_COATED_OSMIUM;9993;14;9991;23;;;10009;4;;;;;10000.5;0.0
2;36400;INTARIAN_PEPPER_ROOT;13430;8;13427;18;;;13443;17;;;;;13436.0;0.0
2;36500;ASH_COATED_OSMIUM;9996;13;9991;20;;;10009;14;10012;20;10015;27;10001.0;0.0
2;36500;INTARIAN_PEPPER_ROOT;13430;8;13426;22;;;13441;9;13445;11;;;13435.5;0.0
2;36600;ASH_COATED_OSMIUM;9992;14;;;;;10011;6;10007;22;;;10001.0;0.0
2;36600;INTARIAN_PEPPER_ROOT;13429;10;13426;18;;;13441;11;;;;;13435.0;0.0
2;36700;ASH_COATED_OSMIUM;9993;10;;;;;10009;14;10012;27;;;10001.0;0.0
2;36700;INTARIAN_PEPPER_ROOT;13429;11;13427;19;;;13441;12;;;;;13434.5;0.0
2;36800;ASH_COATED_OSMIUM;9994;11;;;;;10010;10;10012;29;;;10001.5;0.0
2;36800;INTARIAN_PEPPER_ROOT;13428;11;13426;23;;;13441;11;13445;17;;;13434.0;0.0
2;36900;ASH_COATED_OSMIUM;9992;10;9990;23;;;10011;3;10011;24;;;10001.0;0.0
2;36900;INTARIAN_PEPPER_ROOT;13427;8;13425;15;;;13440;10;13443;24;;;13433.5;0.0
2;37000;ASH_COATED_OSMIUM;9993;25;9991;29;;;10010;27;10013;20;;;10001.0;0.0
2;37000;INTARIAN_PEPPER_ROOT;13428;11;;;;;13439;12;;;;;13433.0;0.0
2;37100;ASH_COATED_OSMIUM;9992;11;9991;27;;;10010;14;10013;23;;;10001.5;0.0
2;37100;INTARIAN_PEPPER_ROOT;13427;9;;;;;13440;10;13441;17;;;13432.5;0.0
2;37200;ASH_COATED_OSMIUM;9994;14;9992;26;;;10010;11;;;10017;30;10001.5;0.0
2;37200;INTARIAN_PEPPER_ROOT;13425;23;13423;21;;;13438;10;;;13443;15;13432.0;0.0
2;37300;ASH_COATED_OSMIUM;9992;4;9990;23;;;10009;12;10012;29;;;10001.0;0.0
2;37300;INTARIAN_PEPPER_ROOT;13425;11;13423;24;;;13438;9;13442;16;;;13431.5;0.0
2;37400;ASH_COATED_OSMIUM;9993;14;9989;23;;;10009;12;10011;29;;;10001.0;0.0
2;37400;INTARIAN_PEPPER_ROOT;13424;11;;;;;13437;8;13438;17;;;13430.5;0.0
2;37500;ASH_COATED_OSMIUM;9994;11;;;;;10010;14;10013;30;;;10001.5;0.0
2;37500;INTARIAN_PEPPER_ROOT;13424;12;13422;15;;;13437;9;13439;11;;;13430.0;0.0
2;37600;ASH_COATED_OSMIUM;9992;22;9991;27;;;10011;11;;;;;10001.0;0.0
2;37600;INTARIAN_PEPPER_ROOT;13423;11;;;;;13433;10;13439;21;;;13429.5;0.0
2;37700;ASH_COATED_OSMIUM;9993;15;;;;;10009;29;10011;29;;;10001.0;0.0
2;37700;INTARIAN_PEPPER_ROOT;13422;12;13418;18;;;13435;8;13439;21;;;13429.0;0.0
2;37800;ASH_COATED_OSMIUM;9993;11;9990;23;;;10009;11;;;;;10001.0;0.0
2;37800;INTARIAN_PEPPER_ROOT;13420;9;;;;;13435;11;13438;25;;;13428.5;0.0
2;37900;ASH_COATED_OSMIUM;9992;14;9990;22;;;10009;27;10012;29;;;10001.0;0.0
2;37900;INTARIAN_PEPPER_ROOT;13422;8;13419;25;;;13437;9;;;;;13428.0;0.0
2;38000;ASH_COATED_OSMIUM;9994;24;9989;24;;;10010;10;;;;;10001.5;0.0
2;38000;INTARIAN_PEPPER_ROOT;13421;12;13419;16;;;13434;12;;;;;13427.5;0.0
2;38100;ASH_COATED_OSMIUM;9994;14;9991;23;;;10011;11;10013;23;;;10001.5;0.0
2;38100;INTARIAN_PEPPER_ROOT;13417;9;13416;18;;;13437;24;13436;18;;;13427.0;0.0
2;38200;ASH_COATED_OSMIUM;9994;12;;;;;10007;11;10013;23;;;10001.5;0.0
2;38200;INTARIAN_PEPPER_ROOT;13419;12;13418;20;;;13435;17;;;;;13426.5;0.0
2;38300;ASH_COATED_OSMIUM;9994;10;9992;14;;;10013;15;;;;;10002.0;0.0
2;38300;INTARIAN_PEPPER_ROOT;13420;11;;;;;13432;10;13435;16;;;13426.0;0.0
2;38400;ASH_COATED_OSMIUM;9994;14;9992;25;;;10012;11;;;;;10001.5;0.0
2;38400;INTARIAN_PEPPER_ROOT;13419;11;;;;;13431;9;;;;;13425.5;0.0
2;38500;ASH_COATED_OSMIUM;9994;15;9992;29;;;10010;27;10012;23;;;10001.5;0.0
2;38500;INTARIAN_PEPPER_ROOT;13424;10;;;;;13432;10;;;;;13425.0;0.0
2;38600;ASH_COATED_OSMIUM;9994;12;;;;;10012;11;10013;24;;;10002.0;0.0
2;38600;INTARIAN_PEPPER_ROOT;13419;8;13414;18;;;13433;12;;;;;13424.0;0.0
2;38700;ASH_COATED_OSMIUM;9993;25;9992;26;;;10012;14;10012;24;;;10002.0;0.0
2;38700;INTARIAN_PEPPER_ROOT;13417;9;13414;21;;;13432;8;;;;;13423.5;0.0
2;38800;ASH_COATED_OSMIUM;9994;24;;;;;10010;29;10012;21;;;10002.0;0.0
2;38800;INTARIAN_PEPPER_ROOT;13417;12;13413;16;;;13430;8;13432;20;;;13423.0;0.0
2;38900;ASH_COATED_OSMIUM;9995;11;9993;27;;;10011;24;10014;26;;;10002.5;0.0
2;38900;INTARIAN_PEPPER_ROOT;13415;10;13413;19;;;13429;20;13431;22;;;13422.5;0.0
2;39000;ASH_COATED_OSMIUM;9994;30;9997;28;;;10010;11;10012;25;;;10002.0;0.0
2;39000;INTARIAN_PEPPER_ROOT;13414;9;;;;;13429;8;;;;;13422.0;0.0
2;39100;ASH_COATED_OSMIUM;9994;14;9992;26;;;10012;27;;;;;10002.5;0.0
2;39100;INTARIAN_PEPPER_ROOT;13415;9;13413;17;;;13428;9;13431;15;;;13421.5;0.0
2;39200;ASH_COATED_OSMIUM;9994;13;9991;28;;;10010;14;10013;30;;;10002.0;0.0
2;39200;INTARIAN_PEPPER_ROOT;13415;12;;;;;13427;22;;;;;13421.0;0.0
2;39300;ASH_COATED_OSMIUM;9994;15;9992;25;;;10011;13;10014;24;;;10002.5;0.0
2;39300;INTARIAN_PEPPER_ROOT;13413;11;;;;;13426;9;13430;23;;;13420.5;0.0
2;39400;ASH_COATED_OSMIUM;9996;13;;;;;10010;14;10012;25;;;10002.0;0.0
2;39400;INTARIAN_PEPPER_ROOT;13414;11;13410;25;;;13427;9;;;;;13420.0;0.0
2;39500;ASH_COATED_OSMIUM;9993;12;;;;;10010;24;10013;21;;;10002.0;0.0
2;39500;INTARIAN_PEPPER_ROOT;13413;17;;;;;13426;12;13429;24;;;13419.5;0.0
2;39600;ASH_COATED_OSMIUM;9992;11;;;;;10011;13;10012;20;10017;21;10001.5;0.0
2;39600;INTARIAN_PEPPER_ROOT;13412;21;13411;25;;;13425;21;13427;16;;;13419.0;0.0
2;39700;ASH_COATED_OSMIUM;9992;10;9991;26;;;10009;15;;;;;10001.0;0.0
2;39700;INTARIAN_PEPPER_ROOT;13412;18;13407;17;;;13424;20;;;;;13418.5;0.0
2;39800;ASH_COATED_OSMIUM;9999;12;9990;23;;;10009;4;10012;13;;;10001.0;0.0
2;39800;INTARIAN_PEPPER_ROOT;13411;10;13409;22;;;13425;9;;;;;13417.5;0.0
2;39900;ASH_COATED_OSMIUM;9997;14;;;;;10010;14;10013;25;;;10001.5;0.0
2;39900;INTARIAN_PEPPER_ROOT;13409;20;13413;24;;;13424;12;13427;18;;;13417.0;0.0
2;40000;ASH_COATED_OSMIUM;9993;10;;;;;10011;13;;;;;10002.0;0.0
2;40000;INTARIAN_PEPPER_ROOT;13411;8;13407;16;;;13424;24;;;;;13416.5;0.0
2;40100;ASH_COATED_OSMIUM;9993;22;9991;24;;;10012;10;10012;26;;;10002.0;0.0
2;40100;INTARIAN_PEPPER_ROOT;13410;10;13404;24;;;13422;11;;;;;13416.0;0.0
2;40200;ASH_COATED_OSMIUM;9992;10;9992;26;;;10010;3;10012;21;;;10002.0;0.0
2;40200;INTARIAN_PEPPER_ROOT;13409;12;;;;;13424;12;13425;12;;;13415.5;0.0
2;40300;ASH_COATED_OSMIUM;9994;12;9991;25;;;10007;10;;;;;10002.0;0.0
2;40300;INTARIAN_PEPPER_ROOT;13409;8;13406;25;;;13422;10;;;;;13415.0;0.0
2;40400;ASH_COATED_OSMIUM;9993;12;;;;;10005;11;10014;30;;;10002.0;0.0
2;40400;INTARIAN_PEPPER_ROOT;13409;15;;;;;13422;8;13424;17;;;13414.5;0.0
2;40500;ASH_COATED_OSMIUM;9994;13;9991;20;;;10012;13;10012;30;;;10002.0;0.0
2;40500;INTARIAN_PEPPER_ROOT;13407;12;;;;;13423;11;13424;20;;;13414.0;0.0
2;40600;ASH_COATED_OSMIUM;9994;13;9991;23;;;10011;15;10015;23;;;10001.5;0.0
2;40600;INTARIAN_PEPPER_ROOT;13407;10;13404;21;;;13421;10;13423;20;;;13413.5;0.0
2;40700;ASH_COATED_OSMIUM;9994;21;9990;22;;;10010;15;;;;;10001.5;0.0
2;40700;INTARIAN_PEPPER_ROOT;13407;9;;;;;13420;20;13422;19;;;13413.0;0.0
2;40800;ASH_COATED_OSMIUM;9994;14;;;;;10010;14;10012;28;;;10001.5;0.0
2;40800;INTARIAN_PEPPER_ROOT;13406;11;13402;21;;;13419;8;;;;;13412.5;0.0
2;40900;ASH_COATED_OSMIUM;9992;30;9989;28;;;10011;14;10012;20;;;10001.0;0.0
2;40900;INTARIAN_PEPPER_ROOT;13404;9;;;;;13418;9;13422;20;;;13411.5;0.0
2;41000;ASH_COATED_OSMIUM;9994;22;;;;;10010;11;10014;27;;;10001.5;0.0
2;41000;INTARIAN_PEPPER_ROOT;13403;11;;;13399;25;13417;10;13420;15;;;13411.0;0.0
2;41100;ASH_COATED_OSMIUM;9993;13;9991;24;;;10009;15;10011;20;;;10001.0;0.0
2;41100;INTARIAN_PEPPER_ROOT;13405;10;;;;;13417;8;13420;19;;;13410.5;0.0
2;41200;ASH_COATED_OSMIUM;9997;15;;;;;10010;24;10012;25;;;10001.5;0.0
2;41200;INTARIAN_PEPPER_ROOT;13403;12;13399;20;;;13416;12;13420;22;;;13410.0;0.0
2;41300;ASH_COATED_OSMIUM;9991;14;9992;23;;;10005;13;;;;;10001.5;0.0
2;41300;INTARIAN_PEPPER_ROOT;13404;12;13401;22;;;13417;9;13419;16;;;13409.5;0.0
2;41400;ASH_COATED_OSMIUM;9995;13;9992;26;;;10013;13;10014;20;;;10002.5;0.0
2;41400;INTARIAN_PEPPER_ROOT;13403;23;13400;25;;;13415;19;13418;22;;;13409.0;0.0
2;41500;ASH_COATED_OSMIUM;9993;12;9990;30;;;10010;11;10017;24;;;10001.5;0.0
2;41500;INTARIAN_PEPPER_ROOT;13401;11;13405;21;;;13415;20;13418;25;;;13408.5;0.0
2;41600;ASH_COATED_OSMIUM;9997;29;9992;22;;;10010;13;10014;26;;;10002.0;0.0
2;41600;INTARIAN_PEPPER_ROOT;13402;9;;;;;13417;9;13418;16;;;13408.0;0.0
2;41700;ASH_COATED_OSMIUM;9994;14;;;;;10012;12;10013;22;;;10002.0;0.0
2;41700;INTARIAN_PEPPER_ROOT;13401;8;13398;15;;;13415;18;;;;;13407.5;0.0
2;41800;ASH_COATED_OSMIUM;9999;21;9990;22;;;10009;12;10012;29;;;10001.0;0.0
2;41800;INTARIAN_PEPPER_ROOT;13400;12;;;;;13415;10;13418;23;;;13407.0;0.0
2;41900;ASH_COATED_OSMIUM;9992;10;9991;28;;;10009;22;10012;30;;;10001.0;0.0
2;41900;INTARIAN_PEPPER_ROOT;13400;11;13398;16;;;13413;17;;;;;13406.5;0.0
2;42000;ASH_COATED_OSMIUM;9993;11;;;;;10009;11;;;;;10001.0;0.0
2;42000;INTARIAN_PEPPER_ROOT;13399;11;13397;22;;;13414;9;13416;21;;;13405.5;0.0
2;42100;ASH_COATED_OSMIUM;9997;13;9991;22;;;10009;12;;;;;10000.5;0.0
2;42100;INTARIAN_PEPPER_ROOT;13398;6;13397;24;;;13412;11;13414;17;;;13405.0;0.0
2;42200;ASH_COATED_OSMIUM;9997;13;9989;24;;;10010;13;10012;22;;;10001.0;0.0
2;42200;INTARIAN_PEPPER_ROOT;13399;10;13393;20;;;13412;9;13415;24;;;13404.5;0.0
2;42300;ASH_COATED_OSMIUM;9996;20;9991;24;;;10009;14;10012;25;;;10001.0;0.0
2;42300;INTARIAN_PEPPER_ROOT;13398;10;13396;18;;;13411;12;13414;25;;;13404.0;0.0
2;42400;ASH_COATED_OSMIUM;9992;15;9991;26;;;10010;13;10012;23;;;10001.5;0.0
2;42400;INTARIAN_PEPPER_ROOT;13398;8;;;;;13410;9;13413;17;;;13403.5;0.0
2;42500;ASH_COATED_OSMIUM;9992;14;;;;;10010;13;;;;;10001.0;0.0
2;42500;INTARIAN_PEPPER_ROOT;13398;9;;;;;13409;17;13414;18;;;13403.0;0.0
2;42600;ASH_COATED_OSMIUM;9991;12;;;;;10009;21;;;;;10000.0;0.0
2;42600;INTARIAN_PEPPER_ROOT;13396;10;;;;;13409;10;13412;16;;;13402.5;0.0
2;42700;ASH_COATED_OSMIUM;9993;15;;;;;10006;15;10007;28;;;10000.5;0.0
2;42700;INTARIAN_PEPPER_ROOT;13394;11;13393;18;;;13408;9;13414;9;;;13402.0;0.0
2;42800;ASH_COATED_OSMIUM;9990;12;;;;;10009;10;10011;22;;;10000.5;0.0
2;42800;INTARIAN_PEPPER_ROOT;13396;9;;;;;13407;9;;;;;13401.5;0.0
2;42900;ASH_COATED_OSMIUM;9993;12;9991;20;;;10009;15;10008;29;;;10000.5;0.0
2;42900;INTARIAN_PEPPER_ROOT;13395;10;13393;20;;;13408;8;;;;;13401.0;0.0
2;43000;ASH_COATED_OSMIUM;9993;11;9991;13;;;10010;22;10011;29;;;10000.5;0.0
2;43000;INTARIAN_PEPPER_ROOT;13395;9;13394;21;;;13407;10;;;;;13400.5;0.0
2;43100;ASH_COATED_OSMIUM;9992;10;9990;20;;;10010;15;;;;;10000.5;0.0
2;43100;INTARIAN_PEPPER_ROOT;13391;10;13388;19;;;13410;12;13409;15;;;13399.5;0.0
2;43200;ASH_COATED_OSMIUM;9992;13;9991;29;;;10010;10;10012;29;;;10001.0;0.0
2;43200;INTARIAN_PEPPER_ROOT;13393;11;13387;15;;;13405;10;13408;20;;;13399.0;0.0
2;43300;ASH_COATED_OSMIUM;9996;12;9991;30;;;10010;15;10012;25;;;10000.5;0.0
2;43300;INTARIAN_PEPPER_ROOT;13391;9;13389;17;;;13406;10;13407;17;;;13398.5;0.0
2;43400;ASH_COATED_OSMIUM;9992;24;9990;15;;;10005;30;;;;;10001.0;0.0
2;43400;INTARIAN_PEPPER_ROOT;13393;12;13389;24;;;13406;8;13408;15;;;13398.0;0.0
2;43500;ASH_COATED_OSMIUM;9993;14;9990;23;;;10010;10;10012;24;;;10001.0;0.0
2;43500;INTARIAN_PEPPER_ROOT;13392;10;13390;24;;;13404;10;13407;16;;;13397.5;0.0
2;43600;ASH_COATED_OSMIUM;9993;15;9992;27;;;10010;13;10014;25;;;10002.0;0.0
2;43600;INTARIAN_PEPPER_ROOT;13390;9;13387;22;;;13404;15;13405;21;;;13397.0;0.0
2;43700;ASH_COATED_OSMIUM;9994;11;9991;24;;;10010;12;10013;20;;;10002.0;0.0
2;43700;INTARIAN_PEPPER_ROOT;13391;10;13388;9;;;13404;17;13407;23;;;13396.5;0.0
2;43800;ASH_COATED_OSMIUM;9993;29;9992;20;;;10012;11;;;;;10002.0;0.0
2;43800;INTARIAN_PEPPER_ROOT;13390;8;13386;25;;;13402;9;;;;;13396.0;0.0
2;43900;ASH_COATED_OSMIUM;9994;15;;;;;10012;10;10014;25;;;10001.5;0.0
2;43900;INTARIAN_PEPPER_ROOT;13389;12;13386;24;;;13401;10;13408;15;;;13395.5;0.0
2;44000;ASH_COATED_OSMIUM;9993;13;9989;20;;;10010;15;10012;22;;;10002.0;0.0
2;44000;INTARIAN_PEPPER_ROOT;13389;5;13386;15;;;13402;12;13405;21;;;13395.0;0.0
2;44100;ASH_COATED_OSMIUM;9994;15;;;;;10011;12;10013;24;;;10002.0;0.0
2;44100;INTARIAN_PEPPER_ROOT;13388;12;13386;23;;;13403;12;13404;17;;;13394.5;0.0
2;44200;ASH_COATED_OSMIUM;9994;15;;;9989;20;10011;15;10008;30;;;10002.0;0.0
2;44200;INTARIAN_PEPPER_ROOT;13389;22;13386;24;;;13401;9;13402;24;;;13394.0;0.0
2;44300;ASH_COATED_OSMIUM;9994;12;;;;;10011;12;;;;;10001.5;0.0
2;44300;INTARIAN_PEPPER_ROOT;13387;9;;;;;13401;12;13403;21;;;13393.5;0.0
2;44400;ASH_COATED_OSMIUM;9994;14;;;;;10010;27;10012;28;;;10001.5;0.0
2;44400;INTARIAN_PEPPER_ROOT;13387;11;;;;;13403;9;13401;16;;;13392.5;0.0
2;44500;ASH_COATED_OSMIUM;9998;21;;;;;10005;10;10012;21;;;10001.5;0.0
2;44500;INTARIAN_PEPPER_ROOT;13385;8;13384;18;;;13398;9;13400;23;;;13392.0;0.0
2;44600;ASH_COATED_OSMIUM;9992;10;;;;;10009;15;;;;;10001.0;0.0
2;44600;INTARIAN_PEPPER_ROOT;13386;11;;;;;13399;9;13400;15;;;13391.5;0.0
2;44700;ASH_COATED_OSMIUM;9992;13;;;;;10011;12;10012;26;;;10001.0;0.0
2;44700;INTARIAN_PEPPER_ROOT;13385;8;13382;15;;;13396;18;13400;17;;;13391.0;0.0
2;44800;ASH_COATED_OSMIUM;9992;11;9994;24;;;10010;22;10012;24;;;10001.0;0.0
2;44800;INTARIAN_PEPPER_ROOT;13383;9;13382;16;;;13396;9;;;;;13390.5;0.0
2;44900;ASH_COATED_OSMIUM;9993;10;9990;23;;;10009;10;10009;27;;;10001.0;0.0
2;44900;INTARIAN_PEPPER_ROOT;13389;6;13380;21;;;13397;10;13401;15;;;13390.0;0.0
2;45000;ASH_COATED_OSMIUM;9993;13;9991;27;;;10009;10;;;;;10001.0;0.0
2;45000;INTARIAN_PEPPER_ROOT;13383;12;13381;16;;;13396;8;13398;19;;;13389.5;0.0
2;45100;ASH_COATED_OSMIUM;9992;14;9991;21;;;10010;10;10013;26;;;10001.5;0.0
2;45100;INTARIAN_PEPPER_ROOT;13381;19;13381;25;;;13397;10;;;;;13389.0;0.0
2;45200;ASH_COATED_OSMIUM;9993;14;;;;;10009;12;10012;27;;;10001.0;0.0
2;45200;INTARIAN_PEPPER_ROOT;13382;12;13382;16;;;13395;12;;;;;13388.5;0.0
2;45300;ASH_COATED_OSMIUM;9993;11;;;;;10009;12;;;;;10001.0;0.0
2;45300;INTARIAN_PEPPER_ROOT;13382;8;13379;20;;;13396;8;13397;22;;;13388.0;0.0
2;45400;ASH_COATED_OSMIUM;9993;13;9990;30;;;10010;12;10012;30;;;10001.0;0.0
2;45400;INTARIAN_PEPPER_ROOT;13379;12;13379;19;;;13394;10;;;;;13387.5;0.0
2;45500;ASH_COATED_OSMIUM;9993;10;9990;23;9987;22;10011;22;10012;25;;;10001.0;0.0
2;45500;INTARIAN_PEPPER_ROOT;13381;19;13377;25;;;13393;11;13396;19;;;13386.5;0.0
2;45600;ASH_COATED_OSMIUM;9993;10;9990;23;;;10010;14;;;;;10001.0;0.0
2;45600;INTARIAN_PEPPER_ROOT;13380;16;;;;;13392;11;13396;17;;;13386.0;0.0
2;45700;ASH_COATED_OSMIUM;9993;11;9991;20;;;10009;15;10012;28;;;10001.0;0.0
2;45700;INTARIAN_PEPPER_ROOT;13379;8;13376;17;;;13393;20;;;;;13385.5;0.0
2;45800;ASH_COATED_OSMIUM;9992;11;9990;29;;;10011;13;;;;;10001.5;0.0
2;45800;INTARIAN_PEPPER_ROOT;13379;8;13377;24;;;13394;11;;;;;13385.0;0.0
2;45900;ASH_COATED_OSMIUM;9992;27;;;9987;26;10009;14;;;;;10001.0;0.0
2;45900;INTARIAN_PEPPER_ROOT;13379;25;13377;17;;;13391;12;13396;21;;;13384.5;0.0
2;46000;ASH_COATED_OSMIUM;9993;11;9991;13;;;10009;21;;;;;10001.0;0.0
2;46000;INTARIAN_PEPPER_ROOT;13378;8;13376;17;;;13391;11;;;;;13384.0;0.0
2;46100;ASH_COATED_OSMIUM;9993;30;9989;24;9986;26;10009;11;10011;30;;;10000.5;0.0
2;46100;INTARIAN_PEPPER_ROOT;13377;11;13374;21;;;13392;10;13394;19;;;13383.5;0.0
2;46200;ASH_COATED_OSMIUM;9993;12;9990;20;;;10009;20;10011;22;;;10001.0;0.0
2;46200;INTARIAN_PEPPER_ROOT;13376;21;13374;21;;;13389;11;13393;18;;;13383.0;0.0
2;46300;ASH_COATED_OSMIUM;9990;15;9991;20;;;10009;12;10012;30;;;10000.5;0.0
2;46300;INTARIAN_PEPPER_ROOT;13377;25;13374;22;;;13390;8;13392;18;;;13382.5;0.0
2;46400;ASH_COATED_OSMIUM;9993;12;9991;25;;;10010;25;10012;10;;;10000.5;0.0
2;46400;INTARIAN_PEPPER_ROOT;13376;10;13375;15;;;13386;25;13391;23;;;13382.0;0.0
2;46500;ASH_COATED_OSMIUM;9996;14;9991;21;;;10009;28;10013;23;;;10000.5;0.0
2;46500;INTARIAN_PEPPER_ROOT;13381;8;;;;;13390;10;13391;25;;;13381.5;0.0
2;46600;ASH_COATED_OSMIUM;9991;21;;;;;10009;14;;;;;10000.5;0.0
2;46600;INTARIAN_PEPPER_ROOT;13375;8;13370;18;;;13387;12;;;;;13381.0;0.0
2;46700;ASH_COATED_OSMIUM;9993;10;9990;24;;;10009;27;10009;30;;;10000.5;0.0
2;46700;INTARIAN_PEPPER_ROOT;13372;19;13372;17;;;13386;8;;;;;13380.5;0.0
2;46800;ASH_COATED_OSMIUM;9992;10;;;;;10008;10;;;;;10000.0;0.0
2;46800;INTARIAN_PEPPER_ROOT;13373;11;13370;16;;;13387;12;13388;16;;;13379.5;0.0
2;46900;ASH_COATED_OSMIUM;9990;15;9990;24;;;10010;30;10008;27;;;10000.0;0.0
2;46900;INTARIAN_PEPPER_ROOT;13373;18;13370;23;;;13386;8;13389;15;;;13379.0;0.0
2;47000;ASH_COATED_OSMIUM;9991;15;9989;25;;;10007;30;10009;27;;;9999.0;0.0
2;47000;INTARIAN_PEPPER_ROOT;13372;12;;;;;13384;9;;;;;13378.5;0.0
2;47100;ASH_COATED_OSMIUM;9992;24;9988;29;;;10008;11;10011;28;;;9999.5;0.0
2;47100;INTARIAN_PEPPER_ROOT;13372;24;13369;21;;;13386;11;;;;;13378.0;0.0
2;47200;ASH_COATED_OSMIUM;9992;14;9989;15;;;10008;11;10014;27;;;9999.5;0.0
2;47200;INTARIAN_PEPPER_ROOT;13372;9;;;;;13385;10;13387;24;;;13377.5;0.0
2;47300;ASH_COATED_OSMIUM;9993;11;9990;25;;;10009;10;10011;23;;;10000.5;0.0
2;47300;INTARIAN_PEPPER_ROOT;13369;11;13369;17;;;13383;11;13386;16;;;13377.0;0.0
2;47400;ASH_COATED_OSMIUM;9992;5;;;;;10008;20;10010;21;;;10000.0;0.0
2;47400;INTARIAN_PEPPER_ROOT;13368;12;;;;;13385;8;13386;19;;;13376.5;0.0
2;47500;ASH_COATED_OSMIUM;9992;10;;;;;10003;30;10010;24;;;10000.0;0.0
2;47500;INTARIAN_PEPPER_ROOT;13368;8;;;;;13384;9;13385;15;;;13376.0;0.0
2;47600;ASH_COATED_OSMIUM;9993;13;9991;23;;;10009;23;10012;20;;;10000.5;0.0
2;47600;INTARIAN_PEPPER_ROOT;13369;12;;;;;13383;10;;;;;13375.5;0.0
2;47700;ASH_COATED_OSMIUM;9996;14;9990;27;;;10009;15;10011;20;;;10000.5;0.0
2;47700;INTARIAN_PEPPER_ROOT;13368;8;13367;23;;;13380;12;13384;17;;;13375.0;0.0
2;47800;ASH_COATED_OSMIUM;9991;12;;;;;10010;12;10012;29;;;10000.5;0.0
2;47800;INTARIAN_PEPPER_ROOT;13366;11;;;;;13383;15;13384;21;;;13374.5;0.0
2;47900;ASH_COATED_OSMIUM;9993;13;;;;;10009;12;;;;;10000.5;0.0
2;47900;INTARIAN_PEPPER_ROOT;13368;12;13365;21;;;13380;8;13383;22;;;13374.0;0.0
2;48000;ASH_COATED_OSMIUM;9993;26;9990;28;;;10010;15;;;;;10000.5;0.0
2;48000;INTARIAN_PEPPER_ROOT;13367;9;13364;21;;;13382;21;;;;;13373.5;0.0
2;48100;ASH_COATED_OSMIUM;9993;27;9990;24;9987;25;10009;14;10011;24;;;10000.5;0.0
2;48100;INTARIAN_PEPPER_ROOT;13366;11;13363;17;;;13381;23;;;;;13373.0;0.0
2;48200;ASH_COATED_OSMIUM;9993;12;9990;29;;;10009;15;10013;27;;;10000.5;0.0
2;48200;INTARIAN_PEPPER_ROOT;13371;10;13364;23;;;13379;11;;;;;13372.0;0.0
2;48300;ASH_COATED_OSMIUM;9992;10;;;;;10008;14;;;;;10000.0;0.0
2;48300;INTARIAN_PEPPER_ROOT;13363;17;13361;21;;;13378;21;13382;23;;;13371.5;0.0
2;48400;ASH_COATED_OSMIUM;9991;11;9989;21;;;10009;15;10012;23;;;10000.0;0.0
2;48400;INTARIAN_PEPPER_ROOT;13363;24;13362;20;;;13377;8;13379;25;;;13371.0;0.0
2;48500;ASH_COATED_OSMIUM;9991;10;;;;;10010;11;10011;25;;;10000.0;0.0
2;48500;INTARIAN_PEPPER_ROOT;13364;12;13361;19;;;13378;11;13381;20;;;13370.5;0.0
2;48600;ASH_COATED_OSMIUM;9993;14;;;;;10009;12;10011;27;;;10000.5;0.0
2;48600;INTARIAN_PEPPER_ROOT;13364;11;13361;21;;;13376;8;;;;;13370.0;0.0
2;48700;ASH_COATED_OSMIUM;9992;15;9990;28;;;10009;12;10012;24;;;10000.5;0.0
2;48700;INTARIAN_PEPPER_ROOT;13362;11;13361;25;;;13377;12;13381;17;;;13369.5;0.0
2;48800;ASH_COATED_OSMIUM;9992;15;9990;25;;;10008;14;10010;21;;;10000.0;0.0
2;48800;INTARIAN_PEPPER_ROOT;13362;12;;;;;13375;11;13379;22;;;13369.0;0.0
2;48900;ASH_COATED_OSMIUM;9992;12;;;;;10008;23;;;;;10000.0;0.0
2;48900;INTARIAN_PEPPER_ROOT;13363;11;;;;;13374;11;;;;;13368.5;0.0
2;49000;ASH_COATED_OSMIUM;9993;12;;;;;10010;11;;;;;10000.5;0.0
2;49000;INTARIAN_PEPPER_ROOT;13361;12;13361;21;;;13375;8;;;;;13368.0;0.0
2;49100;ASH_COATED_OSMIUM;9992;13;9989;20;;;10005;12;10010;20;;;10000.0;0.0
2;49100;INTARIAN_PEPPER_ROOT;13359;8;13358;21;;;13376;9;13379;20;;;13367.5;0.0
2;49200;ASH_COATED_OSMIUM;9993;10;9990;29;;;10009;26;;;;;10000.5;0.0
2;49200;INTARIAN_PEPPER_ROOT;13360;10;13358;23;;;13374;11;13376;23;;;13367.0;0.0
2;49300;ASH_COATED_OSMIUM;9991;15;9995;26;;;10009;23;10010;24;;;10000.0;0.0
2;49300;INTARIAN_PEPPER_ROOT;13360;23;13356;17;;;13373;12;;;;;13366.0;0.0
2;49400;ASH_COATED_OSMIUM;9993;10;9991;21;;;10010;14;;;;;10000.5;0.0
2;49400;INTARIAN_PEPPER_ROOT;13360;9;;;;;13373;12;13374;16;;;13365.5;0.0
2;49500;ASH_COATED_OSMIUM;9993;14;;;;;10010;15;10012;23;;;10000.5;0.0
2;49500;INTARIAN_PEPPER_ROOT;13359;8;13357;21;;;13371;12;13375;21;;;13365.0;0.0
2;49600;ASH_COATED_OSMIUM;9991;13;;;;;10009;15;10012;24;10015;25;10000.5;0.0
2;49600;INTARIAN_PEPPER_ROOT;13358;11;;;;;13371;10;;;;;13364.5;0.0
2;49700;ASH_COATED_OSMIUM;9991;10;9990;28;;;10008;14;10010;22;;;10000.0;0.0
2;49700;INTARIAN_PEPPER_ROOT;13357;12;13355;18;;;13371;8;13374;21;;;13364.0;0.0
2;49800;ASH_COATED_OSMIUM;9996;14;9991;21;;;10003;27;10012;30;;;10000.5;0.0
2;49800;INTARIAN_PEPPER_ROOT;13358;9;13354;24;;;13370;9;13373;18;;;13363.5;0.0
2;49900;ASH_COATED_OSMIUM;9993;28;9991;29;;;10009;12;10011;24;;;10000.5;0.0
2;49900;INTARIAN_PEPPER_ROOT;13357;25;13354;19;;;13369;10;13369;15;;;13363.0;0.0
2;50000;ASH_COATED_OSMIUM;9992;10;9991;26;;;10009;24;10011;26;;;10000.5;0.0
2;50000;INTARIAN_PEPPER_ROOT;13357;21;;;;;13369;8;;;;;13362.5;0.0
2;50100;ASH_COATED_OSMIUM;9993;10;9991;21;;;10009;11;10011;26;;;10001.0;0.0
2;50100;INTARIAN_PEPPER_ROOT;13354;10;13354;24;;;13369;8;;;;;13362.0;0.0
2;50200;ASH_COATED_OSMIUM;9992;14;9991;30;;;10009;15;10012;27;;;10001.0;0.0
2;50200;INTARIAN_PEPPER_ROOT;13354;9;13352;23;;;13368;11;;;;;13361.5;0.0
2;50300;ASH_COATED_OSMIUM;9993;29;;;;;10010;11;10012;29;;;10001.0;0.0
2;50300;INTARIAN_PEPPER_ROOT;13354;8;;;;;13369;9;13371;19;;;13361.0;0.0
2;50400;ASH_COATED_OSMIUM;9992;13;;;;;10010;13;10013;14;;;10001.5;0.0
2;50400;INTARIAN_PEPPER_ROOT;13354;12;;;;;13367;11;13369;18;;;13360.5;0.0
2;50500;ASH_COATED_OSMIUM;9994;30;9991;22;;;10010;15;10013;25;;;10001.5;0.0
2;50500;INTARIAN_PEPPER_ROOT;13353;11;13351;23;;;13366;11;13369;16;;;13359.5;0.0
2;50600;ASH_COATED_OSMIUM;9996;11;;;;;10010;15;;;;;10001.5;0.0
2;50600;INTARIAN_PEPPER_ROOT;13352;9;13355;19;;;13366;11;13368;25;;;13359.0;0.0
2;50700;ASH_COATED_OSMIUM;9994;13;9991;29;;;10008;15;10012;20;;;10001.5;0.0
2;50700;INTARIAN_PEPPER_ROOT;13352;8;13349;23;;;13366;9;13369;22;;;13358.5;0.0
2;50800;ASH_COATED_OSMIUM;9993;12;9990;25;;;10011;30;10012;29;;;10001.0;0.0
2;50800;INTARIAN_PEPPER_ROOT;13350;8;13350;24;;;13365;12;13370;22;;;13358.0;0.0
2;50900;ASH_COATED_OSMIUM;9993;11;9996;29;;;10009;12;;;;;10001.0;0.0
2;50900;INTARIAN_PEPPER_ROOT;13351;10;13350;24;;;13366;11;;;;;13357.5;0.0
2;51000;ASH_COATED_OSMIUM;9993;25;;;;;10006;13;10011;21;;;10001.0;0.0
2;51000;INTARIAN_PEPPER_ROOT;13351;8;;;;;13364;8;13367;25;;;13357.0;0.0
2;51100;ASH_COATED_OSMIUM;9993;14;9989;28;;;10010;12;10012;26;;;10000.5;0.0
2;51100;INTARIAN_PEPPER_ROOT;13351;21;;;;;13363;9;13365;18;;;13356.5;0.0
2;51200;ASH_COATED_OSMIUM;9992;14;;;;;10009;15;10012;30;;;10000.5;0.0
2;51200;INTARIAN_PEPPER_ROOT;13349;18;;;;;13362;11;13366;24;;;13356.0;0.0
2;51300;ASH_COATED_OSMIUM;9993;15;;;;;10006;10;;;;;10000.5;0.0
2;51300;INTARIAN_PEPPER_ROOT;13349;25;13346;17;;;13364;9;13364;15;;;13355.5;0.0
2;51400;ASH_COATED_OSMIUM;9993;12;;;9986;24;10010;3;10012;22;;;10001.0;0.0
2;51400;INTARIAN_PEPPER_ROOT;13349;12;;;;;13361;24;13363;23;;;13355.0;0.0
2;51500;ASH_COATED_OSMIUM;9995;15;9990;28;;;10008;13;;;;;10000.0;0.0
2;51500;INTARIAN_PEPPER_ROOT;13348;17;13345;17;;;13360;8;;;;;13354.5;0.0
2;51600;ASH_COATED_OSMIUM;9991;28;9991;21;;;10009;10;;;;;10000.5;0.0
2;51600;INTARIAN_PEPPER_ROOT;13347;10;13345;20;;;13361;9;13364;24;;;13354.0;0.0
2;51700;ASH_COATED_OSMIUM;9992;10;;;;;10009;15;10011;24;;;10000.5;0.0
2;51700;INTARIAN_PEPPER_ROOT;13347;12;;;;;13359;9;13363;23;;;13353.0;0.0
2;51800;ASH_COATED_OSMIUM;9993;11;9989;23;;;10009;20;;;;;10000.5;0.0
2;51800;INTARIAN_PEPPER_ROOT;13347;12;13344;17;;;13358;9;13362;25;;;13352.5;0.0
2;51900;ASH_COATED_OSMIUM;9993;13;9990;28;9987;27;10009;15;;;;;10000.5;0.0
2;51900;INTARIAN_PEPPER_ROOT;13345;11;;;;;13358;8;;;;;13352.0;0.0
2;52000;ASH_COATED_OSMIUM;9993;14;9990;24;;;10010;14;10013;24;;;10000.5;0.0
2;52000;INTARIAN_PEPPER_ROOT;13345;11;;;;;13357;12;13361;19;;;13351.5;0.0
2;52100;ASH_COATED_OSMIUM;9990;15;9991;26;;;10010;12;;;;;10000.5;0.0
2;52100;INTARIAN_PEPPER_ROOT;13345;20;13343;22;;;13358;9;;;;;13351.0;0.0
2;52200;ASH_COATED_OSMIUM;9994;12;;;;;10009;12;10011;22;;;10001.0;0.0
2;52200;INTARIAN_PEPPER_ROOT;13345;19;13341;23;;;13357;11;13362;16;;;13350.5;0.0
2;52300;ASH_COATED_OSMIUM;9999;13;9990;24;;;10012;15;10011;21;;;10001.0;0.0
2;52300;INTARIAN_PEPPER_ROOT;13344;8;13341;20;;;13356;10;13361;18;;;13350.0;0.0
2;52400;ASH_COATED_OSMIUM;9994;27;9992;30;;;10010;10;10013;28;;;10001.5;0.0
2;52400;INTARIAN_PEPPER_ROOT;13343;12;13341;18;;;13356;10;;;;;13349.5;0.0
2;52500;ASH_COATED_OSMIUM;9993;13;9991;27;;;10010;29;10013;21;10016;20;10002.0;0.0
2;52500;INTARIAN_PEPPER_ROOT;13343;8;;;;;13356;8;;;;;13349.0;0.0
2;52600;ASH_COATED_OSMIUM;9994;7;9991;26;;;10010;12;10012;26;;;10002.0;0.0
2;52600;INTARIAN_PEPPER_ROOT;13342;12;;;;;13356;11;13360;20;;;13348.5;0.0
2;52700;ASH_COATED_OSMIUM;9994;11;9991;30;;;10010;11;10012;21;;;10001.5;0.0
2;52700;INTARIAN_PEPPER_ROOT;13340;9;13339;25;;;13354;9;13356;18;;;13348.0;0.0
2;52800;ASH_COATED_OSMIUM;9994;15;9991;24;;;10010;4;10013;20;;;10001.5;0.0
2;52800;INTARIAN_PEPPER_ROOT;13341;11;;;;;13354;9;13355;16;;;13347.5;0.0
2;52900;ASH_COATED_OSMIUM;9994;26;9990;26;;;10010;12;;;;;10001.5;0.0
2;52900;INTARIAN_PEPPER_ROOT;13338;8;13338;20;;;13353;11;13355;24;;;13346.5;0.0
2;53000;ASH_COATED_OSMIUM;9994;20;;;;;10010;12;10012;24;;;10001.5;0.0
2;53000;INTARIAN_PEPPER_ROOT;13337;11;;;;;13352;6;13356;18;;;13346.0;0.0
2;53100;ASH_COATED_OSMIUM;9993;10;9990;22;;;10009;11;10012;29;;;10001.0;0.0
2;53100;INTARIAN_PEPPER_ROOT;13339;24;;;;;13353;8;13354;15;;;13345.5;0.0
2;53200;ASH_COATED_OSMIUM;9993;10;;;;;10010;27;10012;28;;;10001.0;0.0
2;53200;INTARIAN_PEPPER_ROOT;13339;11;13336;23;;;13352;21;13354;22;;;13345.0;0.0
2;53300;ASH_COATED_OSMIUM;9992;23;9989;27;;;10011;13;10012;30;;;10001.0;0.0
2;53300;INTARIAN_PEPPER_ROOT;13339;9;13334;20;;;13351;10;;;;;13344.5;0.0
2;53400;ASH_COATED_OSMIUM;9993;14;9990;21;;;10009;10;10011;23;;;10000.5;0.0
2;53400;INTARIAN_PEPPER_ROOT;13338;11;13334;18;13329;25;13350;9;;;;;13344.0;0.0
2;53500;ASH_COATED_OSMIUM;9993;29;;;;;10011;10;10011;24;;;10001.0;0.0
2;53500;INTARIAN_PEPPER_ROOT;13338;8;13333;23;;;13349;9;13352;15;;;13343.5;0.0
2;53600;ASH_COATED_OSMIUM;9996;13;9991;29;;;10006;13;10011;29;;;10001.0;0.0
2;53600;INTARIAN_PEPPER_ROOT;13335;25;13335;16;;;13351;8;13353;16;;;13343.0;0.0
2;53700;ASH_COATED_OSMIUM;9996;11;;;;;10009;12;;;;;10000.5;0.0
2;53700;INTARIAN_PEPPER_ROOT;13336;11;13331;19;;;13349;17;13351;19;;;13342.5;0.0
2;53800;ASH_COATED_OSMIUM;9993;15;9989;24;;;10009;10;10011;29;;;10000.5;0.0
2;53800;INTARIAN_PEPPER_ROOT;13334;15;13333;19;;;13350;10;;;;;13342.0;0.0
2;53900;ASH_COATED_OSMIUM;9993;13;;;;;10009;13;;;;;10001.0;0.0
2;53900;INTARIAN_PEPPER_ROOT;13336;9;;;;;13347;11;;;;;13341.5;0.0
2;54000;ASH_COATED_OSMIUM;9993;11;9991;24;;;10012;13;10007;28;;;10001.0;0.0
2;54000;INTARIAN_PEPPER_ROOT;13335;10;13333;23;;;13347;8;;;;;13341.0;0.0
2;54100;ASH_COATED_OSMIUM;9993;15;;;;;10011;14;10012;12;;;10001.0;0.0
2;54100;INTARIAN_PEPPER_ROOT;13334;22;13332;17;;;13346;12;13350;24;;;13340.0;0.0
2;54200;ASH_COATED_OSMIUM;9994;13;;;;;10011;28;;;;;10001.5;0.0
2;54200;INTARIAN_PEPPER_ROOT;13334;8;;;;;13346;8;13349;22;;;13339.5;0.0
2;54300;ASH_COATED_OSMIUM;9994;10;9991;26;;;10011;10;;;;;10001.5;0.0
2;54300;INTARIAN_PEPPER_ROOT;13333;10;13330;20;;;13345;10;;;;;13339.0;0.0
2;54400;ASH_COATED_OSMIUM;9992;14;;;;;10009;14;10011;15;;;10001.0;0.0
2;54400;INTARIAN_PEPPER_ROOT;13330;8;13329;20;;;13344;10;;;;;13338.5;0.0
2;54500;ASH_COATED_OSMIUM;9994;24;9992;21;;;10010;10;10013;26;;;10001.5;0.0
2;54500;INTARIAN_PEPPER_ROOT;13331;9;13330;17;;;13344;10;13347;22;;;13338.0;0.0
2;54600;ASH_COATED_OSMIUM;9994;10;9986;25;;;10012;10;;;;;10001.5;0.0
2;54600;INTARIAN_PEPPER_ROOT;13331;18;;;;;13344;11;;;;;13337.5;0.0
2;54700;ASH_COATED_OSMIUM;9994;10;9990;22;;;10010;14;10012;25;;;10001.5;0.0
2;54700;INTARIAN_PEPPER_ROOT;13331;12;13328;23;;;13344;12;;;;;13337.0;0.0
2;54800;ASH_COATED_OSMIUM;9993;12;9991;23;;;10012;4;10014;30;;;10002.0;0.0
2;54800;INTARIAN_PEPPER_ROOT;13330;8;13329;19;;;13343;10;13347;22;;;13336.5;0.0
2;54900;ASH_COATED_OSMIUM;9994;15;9991;27;;;10010;14;10012;20;;;10001.5;0.0
2;54900;INTARIAN_PEPPER_ROOT;13330;12;13326;24;;;13342;8;13347;24;;;13336.0;0.0
2;55000;ASH_COATED_OSMIUM;9993;12;9990;27;;;10009;12;10013;28;;;10001.0;0.0
2;55000;INTARIAN_PEPPER_ROOT;13329;9;13327;23;;;13342;10;13349;22;;;13335.5;0.0
2;55100;ASH_COATED_OSMIUM;9994;11;9991;24;;;10010;13;;;;;10001.5;0.0
2;55100;INTARIAN_PEPPER_ROOT;13329;9;;;;;13341;10;13345;16;;;13335.0;0.0
2;55200;ASH_COATED_OSMIUM;9993;20;;;;;10009;13;10011;28;;;10000.5;0.0
2;55200;INTARIAN_PEPPER_ROOT;13329;8;13325;19;;;13341;10;;;;;13334.0;0.0
2;55300;ASH_COATED_OSMIUM;9993;14;9991;25;;;10009;15;10012;21;;;10000.5;0.0
2;55300;INTARIAN_PEPPER_ROOT;13327;12;;;;;13342;11;;;;;13333.5;0.0
2;55400;ASH_COATED_OSMIUM;9993;14;9989;28;;;10009;2;10011;29;10017;28;10001.0;0.0
2;55400;INTARIAN_PEPPER_ROOT;13327;8;13325;17;;;13340;17;13343;16;;;13333.0;0.0
2;55500;ASH_COATED_OSMIUM;9993;11;;;;;10009;15;10011;28;;;10001.0;0.0
2;55500;INTARIAN_PEPPER_ROOT;13327;11;13322;21;;;13339;11;13341;15;;;13332.5;0.0
2;55600;ASH_COATED_OSMIUM;9993;13;9991;30;;;10009;22;;;;;10001.0;0.0
2;55600;INTARIAN_PEPPER_ROOT;13325;12;13324;18;;;13338;11;13340;10;;;13332.0;0.0
2;55700;ASH_COATED_OSMIUM;9994;10;9991;22;;;10011;24;10012;22;;;10001.5;0.0
2;55700;INTARIAN_PEPPER_ROOT;13325;8;;;;;13337;8;13341;20;;;13331.5;0.0
2;55800;ASH_COATED_OSMIUM;9994;14;9992;26;;;10012;28;10013;28;;;10002.0;0.0
2;55800;INTARIAN_PEPPER_ROOT;13325;8;13322;19;;;13339;9;;;;;13331.0;0.0
2;55900;ASH_COATED_OSMIUM;9996;11;9990;26;;;10009;26;10011;23;;;10001.0;0.0
2;55900;INTARIAN_PEPPER_ROOT;13325;12;13321;15;;;13338;10;;;;;13330.5;0.0
2;56000;ASH_COATED_OSMIUM;9994;14;9991;22;;;10010;11;10014;23;;;10001.5;0.0
2;56000;INTARIAN_PEPPER_ROOT;13324;9;13321;24;;;13337;10;13340;16;;;13330.0;0.0
2;56100;ASH_COATED_OSMIUM;9993;14;9990;29;;;10006;15;10012;23;;;10001.0;0.0
2;56100;INTARIAN_PEPPER_ROOT;13320;8;;;;;13335;9;13340;17;;;13329.5;0.0
2;56200;ASH_COATED_OSMIUM;9994;23;9991;20;;;10010;13;10012;21;;;10002.0;0.0
2;56200;INTARIAN_PEPPER_ROOT;13323;8;13321;25;;;13336;21;;;;;13329.0;0.0
2;56300;ASH_COATED_OSMIUM;9993;13;;;;;10011;14;10013;27;;;10001.5;0.0
2;56300;INTARIAN_PEPPER_ROOT;13322;4;13320;20;;;13336;20;13338;21;;;13328.5;0.0
2;56400;ASH_COATED_OSMIUM;9994;10;9992;23;;;10010;10;10012;22;;;10001.5;0.0
2;56400;INTARIAN_PEPPER_ROOT;13323;10;;;;;13335;12;;;;;13328.0;0.0
2;56500;ASH_COATED_OSMIUM;9994;10;9991;22;;;10006;4;;;;;10001.5;0.0
2;56500;INTARIAN_PEPPER_ROOT;13322;12;13317;17;;;13333;10;;;;;13327.0;0.0
2;56600;ASH_COATED_OSMIUM;9995;12;9990;21;;;10012;23;10014;22;;;10002.5;0.0
2;56600;INTARIAN_PEPPER_ROOT;13320;10;13317;16;;;13333;9;;;;;13326.5;0.0
2;56700;ASH_COATED_OSMIUM;9994;11;9996;26;;;10011;23;;;;;10002.5;0.0
2;56700;INTARIAN_PEPPER_ROOT;13321;10;;;;;13333;10;13337;15;;;13326.0;0.0
2;56800;ASH_COATED_OSMIUM;9993;10;;;;;10010;12;10012;28;;;10002.0;0.0
2;56800;INTARIAN_PEPPER_ROOT;13319;12;13317;16;;;13333;15;13335;22;;;13325.5;0.0
2;56900;ASH_COATED_OSMIUM;9994;10;9989;22;;;10007;14;10013;24;;;10002.0;0.0
2;56900;INTARIAN_PEPPER_ROOT;13318;11;13321;15;;;13331;16;13335;24;;;13325.0;0.0
2;57000;ASH_COATED_OSMIUM;9994;11;;;;;10010;24;10012;25;;;10001.5;0.0
2;57000;INTARIAN_PEPPER_ROOT;13317;12;;;;;13330;8;13335;18;;;13324.5;0.0
2;57100;ASH_COATED_OSMIUM;9993;2;;;;;10009;10;;;;;10000.5;0.0
2;57100;INTARIAN_PEPPER_ROOT;13318;10;;;;;13331;12;13335;21;;;13324.0;0.0
2;57200;ASH_COATED_OSMIUM;9992;29;;;;;10005;13;;;;;10000.0;0.0
2;57200;INTARIAN_PEPPER_ROOT;13317;10;;;;;13330;10;;;;;13323.5;0.0
2;57300;ASH_COATED_OSMIUM;9991;28;;;;;10010;15;10012;28;;;10000.0;0.0
2;57300;INTARIAN_PEPPER_ROOT;13316;8;13314;21;;;13331;12;13332;23;;;13323.0;0.0
2;57400;ASH_COATED_OSMIUM;9991;10;9988;22;;;10007;14;;;;;9999.0;0.0
2;57400;INTARIAN_PEPPER_ROOT;13314;8;13314;20;;;13328;24;13331;19;;;13322.5;0.0
2;57500;ASH_COATED_OSMIUM;9992;15;9990;20;;;10009;14;10011;25;10015;24;9999.5;0.0
2;57500;INTARIAN_PEPPER_ROOT;13315;10;13313;21;;;13328;8;13331;15;;;13322.0;0.0
2;57600;ASH_COATED_OSMIUM;9992;13;9989;24;;;10009;14;10011;25;;;9999.5;0.0
2;57600;INTARIAN_PEPPER_ROOT;13316;12;13314;19;;;13330;12;;;;;13321.5;0.0
2;57700;ASH_COATED_OSMIUM;9992;11;9988;26;;;10010;13;;;;;9999.5;0.0
2;57700;INTARIAN_PEPPER_ROOT;13315;11;13311;18;;;13326;8;13330;25;;;13320.5;0.0
2;57800;ASH_COATED_OSMIUM;9992;10;9990;24;;;10008;14;10010;27;;;9999.5;0.0
2;57800;INTARIAN_PEPPER_ROOT;13312;9;13312;18;;;13326;18;;;;;13320.0;0.0
2;57900;ASH_COATED_OSMIUM;9990;29;9989;21;;;10007;29;;;;;9998.5;0.0
2;57900;INTARIAN_PEPPER_ROOT;13313;20;13312;16;;;13328;11;;;;;13319.5;0.0
2;58000;ASH_COATED_OSMIUM;9991;20;9989;25;;;10008;15;10011;29;;;9998.5;0.0
2;58000;INTARIAN_PEPPER_ROOT;13312;9;13309;19;13302;22;13325;11;13327;23;;;13319.0;0.0
2;58100;ASH_COATED_OSMIUM;9991;12;9989;29;;;10007;13;;;;;9998.5;0.0
2;58100;INTARIAN_PEPPER_ROOT;13312;10;13308;23;;;13325;8;13330;21;;;13318.5;0.0
2;58200;ASH_COATED_OSMIUM;9991;14;9989;27;;;10008;14;10005;26;;;9998.5;0.0
2;58200;INTARIAN_PEPPER_ROOT;13312;9;13310;25;;;13325;10;13327;16;;;13318.0;0.0
2;58300;ASH_COATED_OSMIUM;9990;10;;;;;10007;10;10009;22;;;9998.5;0.0
2;58300;INTARIAN_PEPPER_ROOT;13311;9;;;;;13324;9;13326;24;;;13317.5;0.0
2;58400;ASH_COATED_OSMIUM;9990;15;9987;27;;;10001;8;10009;28;;;9998.0;0.0
2;58400;INTARIAN_PEPPER_ROOT;13311;11;13308;22;;;13325;9;13327;16;;;13317.0;0.0
2;58500;ASH_COATED_OSMIUM;9991;14;;;;;10002;13;;;;;9998.5;0.0
2;58500;INTARIAN_PEPPER_ROOT;13311;23;;;;;13322;12;13326;17;;;13316.5;0.0
2;58600;ASH_COATED_OSMIUM;9991;14;9988;30;;;10009;12;10011;28;;;9999.0;0.0
2;58600;INTARIAN_PEPPER_ROOT;13310;9;13307;17;;;13322;9;13327;15;;;13316.0;0.0
2;58700;ASH_COATED_OSMIUM;9991;11;;;;;10007;11;10009;28;;;9999.0;0.0
2;58700;INTARIAN_PEPPER_ROOT;13307;11;;;;;13323;8;13326;25;13326;20;13315.5;0.0
2;58800;ASH_COATED_OSMIUM;9990;14;9989;25;;;10008;14;10010;22;;;9999.5;0.0
2;58800;INTARIAN_PEPPER_ROOT;13309;8;13306;10;;;13321;8;13324;17;;;13315.0;0.0
2;58900;ASH_COATED_OSMIUM;9992;29;;;;;10008;11;10010;28;;;9999.5;0.0
2;58900;INTARIAN_PEPPER_ROOT;13308;11;;;;;13320;8;13324;23;;;13314.0;0.0
2;59000;ASH_COATED_OSMIUM;9990;5;9990;25;;;10009;22;;;;;10000.5;0.0
2;59000;INTARIAN_PEPPER_ROOT;13307;12;13304;17;;;13319;10;13324;21;;;13313.5;0.0
2;59100;ASH_COATED_OSMIUM;9991;11;;;;;10008;11;;;;;10000.0;0.0
2;59100;INTARIAN_PEPPER_ROOT;13306;11;13303;24;;;13320;11;13322;23;;;13313.0;0.0
2;59200;ASH_COATED_OSMIUM;9993;30;9991;14;9985;24;10010;5;10013;28;;;10000.5;0.0
2;59200;INTARIAN_PEPPER_ROOT;13307;12;13305;21;;;13314;11;;;;;13312.5;0.0
2;59300;ASH_COATED_OSMIUM;9992;20;9990;26;;;10010;14;;;;;10001.0;0.0
2;59300;INTARIAN_PEPPER_ROOT;13305;9;;;;;13318;11;;;;;13312.0;0.0
2;59400;ASH_COATED_OSMIUM;9997;26;9990;29;;;10009;12;10013;21;;;10001.0;0.0
2;59400;INTARIAN_PEPPER_ROOT;13305;12;13302;18;;;13318;12;13322;25;;;13311.5;0.0
2;59500;ASH_COATED_OSMIUM;9993;27;9990;30;9988;21;10011;14;10011;29;;;10001.0;0.0
2;59500;INTARIAN_PEPPER_ROOT;13304;8;;;;;13318;8;;;;;13311.0;0.0
2;59600;ASH_COATED_OSMIUM;9993;13;9991;25;;;10009;10;;;;;10000.5;0.0
2;59600;INTARIAN_PEPPER_ROOT;13307;22;;;;;13318;12;;;;;13310.5;0.0
2;59700;ASH_COATED_OSMIUM;9992;11;9990;25;;;10009;22;10009;27;;;10001.0;0.0
2;59700;INTARIAN_PEPPER_ROOT;13303;10;13302;18;;;13316;12;13320;19;;;13310.0;0.0
2;59800;ASH_COATED_OSMIUM;9993;26;9991;26;;;10009;15;10011;22;;;10000.5;0.0
2;59800;INTARIAN_PEPPER_ROOT;13304;10;;;;;13315;7;;;;;13309.5;0.0
2;59900;ASH_COATED_OSMIUM;9992;13;9990;26;;;10009;10;10012;29;;;10000.5;0.0
2;59900;INTARIAN_PEPPER_ROOT;13304;12;13299;21;;;13315;25;13319;22;;;13309.0;0.0
2;60000;ASH_COATED_OSMIUM;9992;10;9989;27;;;10008;12;10012;27;;;10000.0;0.0
2;60000;INTARIAN_PEPPER_ROOT;13302;9;;;;;13314;9;13316;15;;;13308.0;0.0
2;60100;ASH_COATED_OSMIUM;9993;13;;;;;10011;13;10013;26;;;10000.5;0.0
2;60100;INTARIAN_PEPPER_ROOT;13302;17;13298;21;;;13314;11;13317;17;;;13307.5;0.0
2;60200;ASH_COATED_OSMIUM;9992;12;9989;23;;;10008;12;10010;30;;;10000.0;0.0
2;60200;INTARIAN_PEPPER_ROOT;13300;11;13298;19;;;13316;12;;;;;13307.0;0.0
2;60300;ASH_COATED_OSMIUM;9991;10;9990;29;;;10008;12;10011;25;;;10000.0;0.0
2;60300;INTARIAN_PEPPER_ROOT;13300;17;13298;22;;;13313;11;;;;;13306.5;0.0
2;60400;ASH_COATED_OSMIUM;9992;12;;;;;10009;10;;;;;9999.5;0.0
2;60400;INTARIAN_PEPPER_ROOT;13301;11;13296;19;;;13314;8;13317;15;;;13306.0;0.0
2;60500;ASH_COATED_OSMIUM;9991;14;9990;30;;;10008;23;10012;22;;;10000.0;0.0
2;60500;INTARIAN_PEPPER_ROOT;13298;12;13298;23;;;13307;11;13315;16;;;13305.5;0.0
2;60600;ASH_COATED_OSMIUM;9992;12;9989;26;;;10006;11;10012;23;;;10000.0;0.0
2;60600;INTARIAN_PEPPER_ROOT;13299;11;;;;;13312;10;13316;24;;;13305.0;0.0
2;60700;ASH_COATED_OSMIUM;9991;14;9990;26;;;10008;24;;;;;9999.5;0.0
2;60700;INTARIAN_PEPPER_ROOT;13299;15;13296;22;;;13313;11;13315;18;;;13304.5;0.0
2;60800;ASH_COATED_OSMIUM;9992;10;9989;24;;;10003;13;;;;;9999.5;0.0
2;60800;INTARIAN_PEPPER_ROOT;13296;8;13295;15;;;13311;8;13313;20;;;13304.0;0.0
2;60900;ASH_COATED_OSMIUM;9991;15;9990;20;;;10009;12;10011;21;;;9999.5;0.0
2;60900;INTARIAN_PEPPER_ROOT;13297;11;13294;24;;;13310;10;13314;9;;;13303.5;0.0
2;61000;ASH_COATED_OSMIUM;9992;14;9989;24;;;10009;11;;;;;9999.5;0.0
2;61000;INTARIAN_PEPPER_ROOT;13297;11;;;;;13309;11;13312;22;;;13303.0;0.0
2;61100;ASH_COATED_OSMIUM;9989;10;9989;24;;;10008;15;10013;23;;;9999.5;0.0
2;61100;INTARIAN_PEPPER_ROOT;13297;12;13294;19;;;13309;11;13312;17;;;13302.5;0.0
2;61200;ASH_COATED_OSMIUM;9992;12;9989;25;;;10008;11;;;;;10000.0;0.0
2;61200;INTARIAN_PEPPER_ROOT;13294;10;13294;19;;;13309;11;;;;;13301.5;0.0
2;61300;ASH_COATED_OSMIUM;9992;11;;;;;10009;11;10010;23;;;9999.5;0.0
2;61300;INTARIAN_PEPPER_ROOT;13295;8;13294;19;;;13307;11;;;;;13301.0;0.0
2;61400;ASH_COATED_OSMIUM;9991;11;9988;23;;;10007;20;10010;26;;;9999.0;0.0
2;61400;INTARIAN_PEPPER_ROOT;13294;8;13291;15;;;13308;8;;;;;13300.5;0.0
2;61500;ASH_COATED_OSMIUM;9994;11;;;;;10007;22;;;;;9999.0;0.0
2;61500;INTARIAN_PEPPER_ROOT;13294;12;;;;;13308;11;13311;11;;;13300.0;0.0
2;61600;ASH_COATED_OSMIUM;9991;26;;;;;10007;13;10010;20;;;9999.0;0.0
2;61600;INTARIAN_PEPPER_ROOT;13293;8;13292;23;;;13306;9;;;;;13299.5;0.0
2;61700;ASH_COATED_OSMIUM;9992;14;;;;;10008;12;10010;25;;;9999.5;0.0
2;61700;INTARIAN_PEPPER_ROOT;13298;10;13291;24;;;13305;8;13309;15;;;13299.0;0.0
2;61800;ASH_COATED_OSMIUM;9992;10;;;;;10008;12;;;;;9999.5;0.0
2;61800;INTARIAN_PEPPER_ROOT;13293;20;;;;;13304;11;13308;23;;;13298.5;0.0
2;61900;ASH_COATED_OSMIUM;9997;12;9990;26;;;10008;13;10010;22;;;10000.0;0.0
2;61900;INTARIAN_PEPPER_ROOT;13292;12;13288;19;;;13306;12;;;;;13298.0;0.0
2;62000;ASH_COATED_OSMIUM;9992;13;9991;23;;;10009;12;10012;29;;;10000.5;0.0
2;62000;INTARIAN_PEPPER_ROOT;13292;8;13289;24;;;13305;8;13308;25;;;13297.5;0.0
2;62100;ASH_COATED_OSMIUM;9992;20;9990;26;;;10010;13;10013;24;;;10000.5;0.0
2;62100;INTARIAN_PEPPER_ROOT;13289;9;13287;17;;;13304;8;13306;22;;;13297.0;0.0
2;62200;ASH_COATED_OSMIUM;9994;13;;;;;10010;10;;;;;10002.0;0.0
2;62200;INTARIAN_PEPPER_ROOT;13291;9;13288;17;;;13303;12;13309;18;;;13296.5;0.0
2;62300;ASH_COATED_OSMIUM;9994;12;9991;22;;;10010;24;10012;26;;;10002.0;0.0
2;62300;INTARIAN_PEPPER_ROOT;13288;20;13286;23;;;13304;20;13306;16;;;13296.0;0.0
2;62400;ASH_COATED_OSMIUM;9994;10;9995;23;;;10010;14;10013;20;;;10001.5;0.0
2;62400;INTARIAN_PEPPER_ROOT;13289;12;;;;;13302;12;13304;15;;;13295.0;0.0
2;62500;ASH_COATED_OSMIUM;9994;14;9989;22;;;10010;29;10013;22;;;10002.0;0.0
2;62500;INTARIAN_PEPPER_ROOT;13288;11;13286;17;;;13301;11;;;;;13294.5;0.0
2;62600;ASH_COATED_OSMIUM;9995;2;9993;30;;;10011;10;10014;25;;;10002.5;0.0
2;62600;INTARIAN_PEPPER_ROOT;13288;12;13283;23;;;13300;8;13303;19;;;13294.0;0.0
2;62700;ASH_COATED_OSMIUM;9993;15;9992;20;;;10010;13;10012;20;;;10002.0;0.0
2;62700;INTARIAN_PEPPER_ROOT;13287;8;;;;;13299;8;13303;20;;;13293.5;0.0
2;62800;ASH_COATED_OSMIUM;9995;4;;;;;10012;11;10013;25;;;10002.5;0.0
2;62800;INTARIAN_PEPPER_ROOT;13285;12;13285;15;;;13302;8;13301;16;;;13293.0;0.0
2;62900;ASH_COATED_OSMIUM;9994;12;9991;29;;;10011;14;;;;;10002.0;0.0
2;62900;INTARIAN_PEPPER_ROOT;13287;9;;;;;13298;18;;;;;13292.5;0.0
2;63000;ASH_COATED_OSMIUM;9994;13;9991;29;;;10010;12;10013;29;;;10001.5;0.0
2;63000;INTARIAN_PEPPER_ROOT;13286;9;;;;;13298;10;;;;;13292.0;0.0
2;63100;ASH_COATED_OSMIUM;9993;13;;;;;10009;10;10011;30;;;10001.0;0.0
2;63100;INTARIAN_PEPPER_ROOT;13284;12;13284;16;;;13300;9;;;;;13291.5;0.0
2;63200;ASH_COATED_OSMIUM;9994;10;;;;;10010;10;10012;10;;;10002.0;0.0
2;63200;INTARIAN_PEPPER_ROOT;13287;10;13282;15;;;13298;12;13299;24;;;13291.0;0.0
2;63300;ASH_COATED_OSMIUM;9994;9;9991;23;;;10010;14;10012;21;;;10002.0;0.0
2;63300;INTARIAN_PEPPER_ROOT;13284;9;13281;24;;;13297;21;13299;17;;;13290.5;0.0
2;63400;ASH_COATED_OSMIUM;9993;6;9991;29;;;10010;15;10008;23;;;10002.0;0.0
2;63400;INTARIAN_PEPPER_ROOT;13284;8;13281;23;;;13297;20;13299;21;;;13290.0;0.0
2;63500;ASH_COATED_OSMIUM;9994;13;;;;;10010;10;10013;21;;;10002.0;0.0
2;63500;INTARIAN_PEPPER_ROOT;13281;12;13286;23;;;13296;12;;;;;13289.5;0.0
2;63600;ASH_COATED_OSMIUM;9992;15;;;9986;29;10007;13;10012;30;;;10001.5;0.0
2;63600;INTARIAN_PEPPER_ROOT;13283;11;;;;;13294;10;13298;24;;;13288.5;0.0
2;63700;ASH_COATED_OSMIUM;9994;13;9991;21;;;10011;11;;;;;10002.0;0.0
2;63700;INTARIAN_PEPPER_ROOT;13282;10;13279;21;;;13295;9;13298;18;;;13288.0;0.0
2;63800;ASH_COATED_OSMIUM;9994;13;9991;20;;;10010;12;10012;24;;;10001.5;0.0
2;63800;INTARIAN_PEPPER_ROOT;13281;8;13278;23;;;13294;11;13297;21;;;13287.5;0.0
2;63900;ASH_COATED_OSMIUM;9992;28;9991;22;;;10010;15;;;;;10001.5;0.0
2;63900;INTARIAN_PEPPER_ROOT;13281;9;;;;;13294;10;13292;16;;;13287.0;0.0
2;64000;ASH_COATED_OSMIUM;9994;15;9994;28;;;10010;11;;;;;10001.5;0.0
2;64000;INTARIAN_PEPPER_ROOT;13281;8;;;;;13293;11;13295;18;;;13286.5;0.0
2;64100;ASH_COATED_OSMIUM;9994;11;9991;20;;;10010;12;10012;28;;;10001.5;0.0
2;64100;INTARIAN_PEPPER_ROOT;13280;12;13275;19;;;13293;12;13297;16;;;13286.0;0.0
2;64200;ASH_COATED_OSMIUM;9993;22;9991;22;;;10010;25;10013;24;;;10001.5;0.0
2;64200;INTARIAN_PEPPER_ROOT;13279;8;13276;21;;;13292;9;13295;24;;;13285.5;0.0
2;64300;ASH_COATED_OSMIUM;9994;14;9991;29;;;10010;15;;;;;10001.5;0.0
2;64300;INTARIAN_PEPPER_ROOT;13279;10;13276;21;;;13293;10;;;;;13285.0;0.0
2;64400;ASH_COATED_OSMIUM;9994;14;9992;27;;;10011;12;10013;20;;;10001.5;0.0
2;64400;INTARIAN_PEPPER_ROOT;13279;10;13276;20;;;13290;12;;;;;13284.5;0.0
2;64500;ASH_COATED_OSMIUM;9993;12;9991;21;;;10006;15;;;;;10000.5;0.0
2;64500;INTARIAN_PEPPER_ROOT;13279;12;13276;17;13269;21;13292;25;;;;;13284.0;0.0
2;64600;ASH_COATED_OSMIUM;9993;2;;;;;10009;11;;;;;10000.5;0.0
2;64600;INTARIAN_PEPPER_ROOT;13275;5;13274;25;;;13291;11;13296;17;;;13283.5;0.0
2;64700;ASH_COATED_OSMIUM;9993;28;9989;27;;;10011;10;10011;22;;;10000.5;0.0
2;64700;INTARIAN_PEPPER_ROOT;13277;22;;;;;13290;9;13293;20;;;13283.0;0.0
2;64800;ASH_COATED_OSMIUM;9992;12;;;;;10010;20;10011;27;;;10000.0;0.0
2;64800;INTARIAN_PEPPER_ROOT;13276;12;;;;;13289;24;13292;25;;;13282.0;0.0
2;64900;ASH_COATED_OSMIUM;9992;12;9991;20;9987;20;10009;20;10011;25;;;10000.5;0.0
2;64900;INTARIAN_PEPPER_ROOT;13275;10;;;;;13289;15;13285;15;;;13281.5;0.0
2;65000;ASH_COATED_OSMIUM;9997;13;;;;;10010;30;10012;26;;;10000.5;0.0
2;65000;INTARIAN_PEPPER_ROOT;13275;9;;;;;13289;12;;;;;13281.0;0.0
2;65100;ASH_COATED_OSMIUM;9993;14;;;;;10009;12;10012;22;;;10001.0;0.0
2;65100;INTARIAN_PEPPER_ROOT;13275;12;;;;;13287;9;13289;21;;;13280.5;0.0
2;65200;ASH_COATED_OSMIUM;9993;15;9991;27;;;10009;11;10012;26;;;10001.0;0.0
2;65200;INTARIAN_PEPPER_ROOT;13272;25;13271;22;;;13287;11;;;;;13280.0;0.0
2;65300;ASH_COATED_OSMIUM;9993;15;9990;28;;;10009;13;10012;27;;;10000.5;0.0
2;65300;INTARIAN_PEPPER_ROOT;13273;12;;;;;13286;22;;;;;13279.5;0.0
2;65400;ASH_COATED_OSMIUM;9993;13;9989;28;;;10009;13;;;;;10000.5;0.0
2;65400;INTARIAN_PEPPER_ROOT;13273;12;;;;;13287;8;13289;20;;;13279.0;0.0
2;65500;ASH_COATED_OSMIUM;9993;13;9991;30;;;10010;12;10011;27;;;10000.5;0.0
2;65500;INTARIAN_PEPPER_ROOT;13272;9;13269;21;;;13286;16;13289;20;;;13278.5;0.0
2;65600;ASH_COATED_OSMIUM;9993;12;;;;;10009;15;10011;26;;;10000.5;0.0
2;65600;INTARIAN_PEPPER_ROOT;13273;11;13269;18;;;13284;8;;;;;13278.0;0.0
2;65700;ASH_COATED_OSMIUM;9991;12;9990;27;;;10008;10;10010;30;;;9999.5;0.0
2;65700;INTARIAN_PEPPER_ROOT;13272;6;13268;17;;;13284;9;13288;19;;;13277.5;0.0
2;65800;ASH_COATED_OSMIUM;9990;11;9988;27;;;10008;10;;;;;9999.5;0.0
2;65800;INTARIAN_PEPPER_ROOT;13267;8;13268;23;;;13284;8;;;;;13277.0;0.0
2;65900;ASH_COATED_OSMIUM;9991;13;9989;24;;;10005;13;10011;23;;;9999.5;0.0
2;65900;INTARIAN_PEPPER_ROOT;13271;12;;;;;13282;11;;;;;13276.5;0.0
2;66000;ASH_COATED_OSMIUM;9991;13;9988;25;;;10004;22;10010;13;;;9999.0;0.0
2;66000;INTARIAN_PEPPER_ROOT;13269;11;13267;21;;;13282;10;13287;24;;;13275.5;0.0
2;66100;ASH_COATED_OSMIUM;9991;27;9987;22;;;10007;11;10010;21;;;9999.0;0.0
2;66100;INTARIAN_PEPPER_ROOT;13270;20;13267;12;;;13281;11;13286;22;;;13275.0;0.0
2;66200;ASH_COATED_OSMIUM;9990;21;;;;;10007;24;10010;23;;;9999.0;0.0
2;66200;INTARIAN_PEPPER_ROOT;13269;11;13266;21;;;13281;11;13286;15;;;13274.5;0.0
2;66300;ASH_COATED_OSMIUM;9996;14;9984;27;;;10007;10;10015;27;;;9999.0;0.0
2;66300;INTARIAN_PEPPER_ROOT;13267;12;;;;;13280;12;13279;24;;;13274.0;0.0
2;66400;ASH_COATED_OSMIUM;9991;12;9988;21;;;10007;10;;;;;9999.0;0.0
2;66400;INTARIAN_PEPPER_ROOT;13268;12;13265;23;;;13284;12;13283;24;;;13273.5;0.0
2;66500;ASH_COATED_OSMIUM;9991;22;9989;20;;;10009;14;10011;27;;;9999.5;0.0
2;66500;INTARIAN_PEPPER_ROOT;13267;10;13266;15;;;13280;8;;;;;13273.0;0.0
2;66600;ASH_COATED_OSMIUM;9992;10;9989;23;;;10008;25;10011;30;;;9999.5;0.0
2;66600;INTARIAN_PEPPER_ROOT;13266;8;;;;;13280;8;13282;16;;;13272.5;0.0
2;66700;ASH_COATED_OSMIUM;9992;12;9990;23;;;10005;13;;;;;9999.5;0.0
2;66700;INTARIAN_PEPPER_ROOT;13266;10;13262;24;;;13278;9;;;;;13272.0;0.0
2;66800;ASH_COATED_OSMIUM;9991;15;;;;;10008;23;10010;13;;;10000.0;0.0
2;66800;INTARIAN_PEPPER_ROOT;13266;12;;;;;13277;12;13283;15;;;13271.5;0.0
2;66900;ASH_COATED_OSMIUM;9992;10;;;;;10009;27;;;;;9999.5;0.0
2;66900;INTARIAN_PEPPER_ROOT;13265;12;13262;20;;;13277;18;13280;18;;;13271.0;0.0
2;67000;ASH_COATED_OSMIUM;9992;10;9990;22;;;10008;15;10011;20;;;9999.5;0.0
2;67000;INTARIAN_PEPPER_ROOT;13263;12;13259;18;;;13277;19;13280;16;;;13270.5;0.0
2;67100;ASH_COATED_OSMIUM;9991;13;;;;;10007;12;;;;;9999.0;0.0
2;67100;INTARIAN_PEPPER_ROOT;13264;9;13259;17;;;13276;11;13280;21;;;13270.0;0.0
2;67200;ASH_COATED_OSMIUM;9992;14;9988;22;;;10008;10;10010;22;;;9999.5;0.0
2;67200;INTARIAN_PEPPER_ROOT;13264;9;;;;;13276;9;13279;22;;;13269.5;0.0
2;67300;ASH_COATED_OSMIUM;9993;12;9991;26;;;10010;13;10012;28;;;10000.5;0.0
2;67300;INTARIAN_PEPPER_ROOT;13261;9;;;;;13275;9;13280;22;;;13268.5;0.0
