day;timestamp;product;bid_price_1;bid_volume_1;bid_price_2;bid_volume_2;bid_price_3;bid_volume_3;ask_price_1;ask_volume_1;ask_price_2;ask_volume_2;ask_price_3;ask_volume_3;mid_price;profit_and_loss
2;0;ASH_COATED_OSMIUM;9990;12;9989;25;;;10008;15;10006;22;;;9999.5;0.0
2;0;INTARIAN_PEPPER_ROOT;13011;9;;;;;13026;11;13029;18;;;13019.5;0.0
2;100;ASH_COATED_OSMIUM;9990;11;9988;25;;;10008;13;10011;20;;;9999.5;0.0
2;100;INTARIAN_PEPPER_ROOT;13013;11;13010;21;;;13027;10;;;;;13019.5;0.0
2;200;ASH_COATED_OSMIUM;9990;13;9988;26;;;10010;30;10011;26;;;9999.0;0.0
2;200;INTARIAN_PEPPER_ROOT;13014;10;13009;23;;;13026;10;;;;;13020.0;0.0
2;300;ASH_COATED_OSMIUM;9997;13;9990;25;;;10008;14;10011;28;;;9999.5;0.0
2;300;INTARIAN_PEPPER_ROOT;13014;11;13012;22;;;13026;10;;;;;13020.0;0.0
2;400;ASH_COATED_OSMIUM;9992;13;9994;21;;;10009;14;10010;20;;;9999.5;0.0
2;400;INTARIAN_PEPPER_ROOT;13015;8;13011;22;;;13029;11;;;;;13020.0;0.0
2;500;ASH_COATED_OSMIUM;9993;12;9989;20;;;10008;13;10011;26;;;9999.5;0.0
2;500;INTARIAN_PEPPER_ROOT;13012;8;13012;17;;;13029;12;13029;15;;;13020.0;0.0
2;600;ASH_COATED_OSMIUM;9992;30;;;;;10003;15;;;;;9999.5;0.0
2;600;INTARIAN_PEPPER_ROOT;13012;16;13011;23;;;13022;11;;;;;13020.0;0.0
2;700;ASH_COATED_OSMIUM;9992;10;9984;22;9987;26;10009;15;;;;;10000.0;0.0
2;700;INTARIAN_PEPPER_ROOT;13013;11;13013;25;;;13029;10;;;;;13020.5;0.0
2;800;ASH_COATED_OSMIUM;9992;14;9995;23;;;10009;10;10011;29;;;9999.5;0.0
2;800;INTARIAN_PEPPER_ROOT;13014;8;13010;17;;;13027;11;;;;;13020.5;0.0
2;900;ASH_COATED_OSMIUM;9992;13;9989;30;;;10009;10;10011;10;;;10000.0;0.0
2;900;INTARIAN_PEPPER_ROOT;13014;23;;;;;13028;10;13030;20;;;13020.5;0.0
2;1000;ASH_COATED_OSMIUM;9991;11;9989;30;;;10010;10;10012;22;;;10000.0;0.0
2;1000;INTARIAN_PEPPER_ROOT;13014;11;13011;15;;;13029;10;13031;16;;;13020.5;0.0
2;1100;ASH_COATED_OSMIUM;9992;12;9989;30;;;10008;14;;;;;9999.5;0.0
2;1100;INTARIAN_PEPPER_ROOT;13019;8;13011;18;;;13026;8;13030;25;;;13020.5;0.0
2;1200;ASH_COATED_OSMIUM;9990;13;;;;;10008;15;10010;27;;;9999.5;0.0
2;1200;INTARIAN_PEPPER_ROOT;13015;15;13013;24;;;13028;23;13030;15;;;13021.0;0.0
2;1300;ASH_COATED_OSMIUM;9992;21;9989;25;;;10009;23;;;;;9999.5;0.0
2;1300;INTARIAN_PEPPER_ROOT;13014;10;13013;21;;;13027;9;13031;19;;;13021.0;0.0
2;1400;ASH_COATED_OSMIUM;9991;13;;;;;10009;10;;;;;9999.0;0.0
2;1400;INTARIAN_PEPPER_ROOT;13015;12;;;;;13028;11;13029;17;;;13021.0;0.0
2;1500;ASH_COATED_OSMIUM;9991;14;;;;;10007;21;10007;23;;;9999.0;0.0
2;1500;INTARIAN_PEPPER_ROOT;13015;10;;;;;13028;8;;;;;13021.0;0.0
2;1600;ASH_COATED_OSMIUM;9991;22;9989;22;;;10007;3;10011;29;;;9999.0;0.0
2;1600;INTARIAN_PEPPER_ROOT;13015;22;13013;18;;;13028;8;;;;;13021.5;0.0
2;1700;ASH_COATED_OSMIUM;9992;13;;;;;10009;14;10011;15;;;9999.5;0.0
2;1700;INTARIAN_PEPPER_ROOT;13016;10;13012;21;;;13028;9;13031;15;;;13021.5;0.0
2;1800;ASH_COATED_OSMIUM;9990;30;9989;28;9984;24;10010;15;;;;;9999.0;0.0
2;1800;INTARIAN_PEPPER_ROOT;13016;8;;;;;13028;24;;;;;13021.5;0.0
2;1900;ASH_COATED_OSMIUM;9991;12;9988;22;;;10007;12;10010;30;;;9999.0;0.0
2;1900;INTARIAN_PEPPER_ROOT;13015;18;13012;16;;;13029;11;13030;19;13038;18;13021.5;0.0
2;2000;ASH_COATED_OSMIUM;9990;15;9989;28;;;10004;5;;;;;9998.5;0.0
2;2000;INTARIAN_PEPPER_ROOT;13015;9;13013;24;;;13030;23;13032;20;;;13021.5;0.0
2;2100;ASH_COATED_OSMIUM;9994;12;;;;;10008;14;10010;20;;;9998.5;0.0
2;2100;INTARIAN_PEPPER_ROOT;13016;12;13012;19;;;13028;10;;;;;13022.0;0.0
2;2200;ASH_COATED_OSMIUM;9991;11;;;;;10005;14;10009;26;;;9998.5;0.0
2;2200;INTARIAN_PEPPER_ROOT;13016;10;;;;;13029;12;13032;22;;;13022.0;0.0
2;2300;ASH_COATED_OSMIUM;9995;12;9989;28;;;10004;14;;;;;9999.0;0.0
2;2300;INTARIAN_PEPPER_ROOT;13017;8;;;;;13030;11;13031;24;;;13022.0;0.0
2;2400;ASH_COATED_OSMIUM;9991;26;9988;14;;;10007;12;10010;22;;;9999.0;0.0
2;2400;INTARIAN_PEPPER_ROOT;13016;10;13014;23;;;13028;10;13031;23;;;13022.0;0.0
2;2500;ASH_COATED_OSMIUM;9992;12;9988;26;;;10005;5;10012;20;;;9999.5;0.0
2;2500;INTARIAN_PEPPER_ROOT;13015;15;;;;;13029;9;13031;25;;;13022.0;0.0
2;2600;ASH_COATED_OSMIUM;9992;10;9990;23;;;10008;12;10011;20;;;10000.0;0.0
2;2600;INTARIAN_PEPPER_ROOT;13017;12;13015;24;;;13030;10;;;;;13022.5;0.0
2;2700;ASH_COATED_OSMIUM;9993;10;9989;22;;;10010;15;10011;24;;;10000.5;0.0
2;2700;INTARIAN_PEPPER_ROOT;13015;11;;;;;13029;8;;;;;13022.5;0.0
2;2800;ASH_COATED_OSMIUM;9993;14;;;;;10009;10;10012;30;;;10001.0;0.0
2;2800;INTARIAN_PEPPER_ROOT;13016;11;13012;23;;;13031;10;13031;17;;;13022.5;0.0
2;2900;ASH_COATED_OSMIUM;9993;15;9991;25;;;10010;10;;;;;10001.0;0.0
2;2900;INTARIAN_PEPPER_ROOT;13017;8;;;;;13031;8;13032;25;;;13022.5;0.0
2;3000;ASH_COATED_OSMIUM;9992;26;9991;30;;;10009;12;10012;21;;;10001.0;0.0
2;3000;INTARIAN_PEPPER_ROOT;13016;12;;;;;13030;16;13033;23;;;13023.0;0.0
2;3100;ASH_COATED_OSMIUM;9993;10;9991;30;;;10010;26;10011;27;10015;29;10001.0;0.0
2;3100;INTARIAN_PEPPER_ROOT;13018;10;;;;;13029;9;13033;17;;;13023.0;0.0
2;3200;ASH_COATED_OSMIUM;9993;25;9991;30;;;10009;13;10011;25;;;10001.0;0.0
2;3200;INTARIAN_PEPPER_ROOT;13015;12;13013;16;;;13029;10;;;;;13023.0;0.0
2;3300;ASH_COATED_OSMIUM;9992;13;9991;28;;;10009;10;10011;30;;;10001.0;0.0
2;3300;INTARIAN_PEPPER_ROOT;13016;12;13016;17;;;13029;10;13032;24;;;13023.0;0.0
2;3400;ASH_COATED_OSMIUM;9993;15;;;;;10009;11;10011;30;;;10001.0;0.0
2;3400;INTARIAN_PEPPER_ROOT;13017;18;13012;19;;;13030;9;;;;;13023.0;0.0
2;3500;ASH_COATED_OSMIUM;9990;11;9989;29;;;10009;26;10012;29;;;10000.5;0.0
2;3500;INTARIAN_PEPPER_ROOT;13018;10;;;;;13029;21;13035;24;;;13023.5;0.0
2;3600;ASH_COATED_OSMIUM;9992;4;9990;30;;;10008;10;10010;26;10014;22;10000.0;0.0
2;3600;INTARIAN_PEPPER_ROOT;13018;10;13015;21;;;13028;11;;;;;13023.5;0.0
2;3700;ASH_COATED_OSMIUM;9992;13;9990;21;;;10009;11;10010;20;;;9999.5;0.0
2;3700;INTARIAN_PEPPER_ROOT;13017;12;13014;22;13011;24;13033;12;13033;17;;;13023.5;0.0
2;3800;ASH_COATED_OSMIUM;9992;14;9990;24;;;10008;14;10010;20;;;9999.5;0.0
2;3800;INTARIAN_PEPPER_ROOT;13017;12;13012;20;;;13030;12;13033;23;;;13023.5;0.0
2;3900;ASH_COATED_OSMIUM;9992;24;9990;24;;;10008;8;;;;;10000.0;0.0
2;3900;INTARIAN_PEPPER_ROOT;13017;9;;;;;13031;11;13035;22;;;13024.0;0.0
2;4000;ASH_COATED_OSMIUM;9992;29;;;;;10009;14;10010;20;;;9999.5;0.0
2;4000;INTARIAN_PEPPER_ROOT;13018;11;13015;17;;;13031;10;13032;19;;;13024.0;0.0
2;4100;ASH_COATED_OSMIUM;9992;12;9995;22;;;10008;14;;;;;10000.0;0.0
2;4100;INTARIAN_PEPPER_ROOT;13019;5;13015;18;;;13030;8;13033;20;;;13024.0;0.0
2;4200;ASH_COATED_OSMIUM;9992;14;9989;29;9986;28;10008;10;10011;24;;;9999.5;0.0
2;4200;INTARIAN_PEPPER_ROOT;13018;10;13014;20;13013;15;13031;8;13032;11;;;13024.0;0.0
2;4300;ASH_COATED_OSMIUM;9992;10;9990;23;;;10008;10;;;;;9999.5;0.0
2;4300;INTARIAN_PEPPER_ROOT;13017;10;;;;;13028;12;13035;20;;;13024.0;0.0
2;4400;ASH_COATED_OSMIUM;9992;10;;;;;10010;15;10011;26;;;10000.0;0.0
2;4400;INTARIAN_PEPPER_ROOT;13020;11;13016;24;;;13031;9;13034;18;;;13024.5;0.0
2;4500;ASH_COATED_OSMIUM;9992;13;;;;;10009;26;10010;27;;;9999.5;0.0
2;4500;INTARIAN_PEPPER_ROOT;13019;11;;;;;13031;9;13034;20;;;13024.5;0.0
2;4600;ASH_COATED_OSMIUM;9992;14;;;;;10009;12;10013;28;;;9999.5;0.0
2;4600;INTARIAN_PEPPER_ROOT;13018;11;13015;17;;;13030;12;13033;19;;;13024.5;0.0
2;4700;ASH_COATED_OSMIUM;9991;15;;;;;10008;23;10011;21;;;10000.0;0.0
2;4700;INTARIAN_PEPPER_ROOT;13019;8;13015;17;;;13033;8;13038;18;;;13024.5;0.0
2;4800;ASH_COATED_OSMIUM;9990;26;;;;;10008;11;10011;29;;;9999.5;0.0
2;4800;INTARIAN_PEPPER_ROOT;13019;16;13016;21;;;13033;9;;;;;13025.0;0.0
2;4900;ASH_COATED_OSMIUM;9991;29;;;;;10008;11;;;;;9999.5;0.0
2;4900;INTARIAN_PEPPER_ROOT;13019;8;;;;;13031;8;;;;;13025.0;0.0
2;5000;ASH_COATED_OSMIUM;9992;21;9989;23;;;10008;14;;;;;9999.5;0.0
2;5000;INTARIAN_PEPPER_ROOT;13017;9;;;;;13034;11;;;13036;24;13025.0;0.0
2;5100;ASH_COATED_OSMIUM;9991;29;;;;;10008;12;10010;10;;;9999.5;0.0
2;5100;INTARIAN_PEPPER_ROOT;13019;9;13016;21;;;13032;25;;;;;13025.0;0.0
2;5200;ASH_COATED_OSMIUM;9995;11;;;;;10007;10;10010;29;;;9999.0;0.0
2;5200;INTARIAN_PEPPER_ROOT;13017;8;;;;;13032;11;;;;;13025.0;0.0
2;5300;ASH_COATED_OSMIUM;9991;11;9989;26;;;10007;10;10011;21;;;9999.0;0.0
2;5300;INTARIAN_PEPPER_ROOT;13020;10;13016;21;;;13032;12;13035;19;;;13025.5;0.0
2;5400;ASH_COATED_OSMIUM;9991;14;9990;20;;;10008;15;;;;;10000.0;0.0
2;5400;INTARIAN_PEPPER_ROOT;13017;17;;;;;13032;18;;;;;13025.5;0.0
2;5500;ASH_COATED_OSMIUM;9992;10;;;;;10008;14;;;;;9999.5;0.0
2;5500;INTARIAN_PEPPER_ROOT;13018;9;13016;19;;;13033;12;13034;22;;;13025.5;0.0
2;5600;ASH_COATED_OSMIUM;9992;10;9990;23;;;10008;13;10010;25;;;9999.5;0.0
2;5600;INTARIAN_PEPPER_ROOT;13020;10;;;;;13030;10;13037;20;;;13025.5;0.0
2;5700;ASH_COATED_OSMIUM;9992;13;9990;26;;;10008;13;10010;24;;;10000.0;0.0
2;5700;INTARIAN_PEPPER_ROOT;13019;8;13016;22;;;13034;12;13036;15;;;13025.5;0.0
2;5800;ASH_COATED_OSMIUM;9991;12;9990;25;;;10008;10;10011;20;;;10000.0;0.0
2;5800;INTARIAN_PEPPER_ROOT;13018;15;;;;;13034;8;13036;11;;;13026.0;0.0
2;5900;ASH_COATED_OSMIUM;9992;12;9989;26;;;10008;13;10010;29;;;10000.0;0.0
2;5900;INTARIAN_PEPPER_ROOT;13019;15;13017;19;;;13033;22;;;;;13026.0;0.0
2;6000;ASH_COATED_OSMIUM;9991;11;9989;30;;;10009;14;10010;20;;;9999.5;0.0
2;6000;INTARIAN_PEPPER_ROOT;13021;12;13017;25;;;13034;5;;;;;13026.0;0.0
2;6100;ASH_COATED_OSMIUM;9991;14;9990;29;;;10008;11;;;;;9999.5;0.0
2;6100;INTARIAN_PEPPER_ROOT;13022;22;;;;;13034;9;;;;;13026.0;0.0
2;6200;ASH_COATED_OSMIUM;9992;14;9988;23;;;10009;10;10010;26;;;9999.5;0.0
2;6200;INTARIAN_PEPPER_ROOT;13019;12;13017;23;;;13033;11;;;;;13026.5;0.0
2;6300;ASH_COATED_OSMIUM;9991;13;;;;;10007;14;10010;22;;;9999.0;0.0
2;6300;INTARIAN_PEPPER_ROOT;13020;8;13019;25;;;13035;11;13035;16;;;13026.5;0.0
2;6400;ASH_COATED_OSMIUM;9991;28;9989;21;;;10004;10;10011;21;;;9998.5;0.0
2;6400;INTARIAN_PEPPER_ROOT;13021;8;;;;;13033;8;13037;22;;;13026.5;0.0
2;6500;ASH_COATED_OSMIUM;9996;11;9988;25;;;10007;10;;;10013;30;9999.0;0.0
2;6500;INTARIAN_PEPPER_ROOT;13020;11;13018;20;;;13033;9;;;;;13026.5;0.0
2;6600;ASH_COATED_OSMIUM;9991;13;;;;;10007;10;10009;22;;;9999.0;0.0
2;6600;INTARIAN_PEPPER_ROOT;13023;11;13018;24;;;13033;20;;;;;13026.5;0.0
2;6700;ASH_COATED_OSMIUM;9991;10;;;;;10007;15;10010;28;;;9999.0;0.0
2;6700;INTARIAN_PEPPER_ROOT;13020;20;13018;18;;;13034;9;;;;;13027.0;0.0
2;6800;ASH_COATED_OSMIUM;9994;15;9989;22;;;10009;15;10011;29;;;9998.5;0.0
2;6800;INTARIAN_PEPPER_ROOT;13021;11;;;;;13035;9;13038;23;;;13027.0;0.0
2;6900;ASH_COATED_OSMIUM;9990;13;9989;25;;;10007;10;;;;;9999.0;0.0
2;6900;INTARIAN_PEPPER_ROOT;13021;10;;;;;13034;23;13038;16;;;13027.0;0.0
2;7000;ASH_COATED_OSMIUM;9991;13;9988;21;;;10007;15;;;;;9998.5;0.0
2;7000;INTARIAN_PEPPER_ROOT;13021;8;13018;24;;;13033;8;13036;21;;;13027.0;0.0
2;7100;ASH_COATED_OSMIUM;9991;11;9989;22;;;10008;14;10010;24;;;9999.0;0.0
2;7100;INTARIAN_PEPPER_ROOT;13019;12;13018;15;;;13033;9;13037;19;;;13027.0;0.0
2;7200;ASH_COATED_OSMIUM;9989;7;9989;26;;;10008;22;;;;;9998.5;0.0
2;7200;INTARIAN_PEPPER_ROOT;13021;10;;;;;13036;11;13039;25;;;13027.5;0.0
2;7300;ASH_COATED_OSMIUM;9991;13;;;;;10007;15;10010;26;;;9999.0;0.0
2;7300;INTARIAN_PEPPER_ROOT;13021;8;13019;25;;;13033;8;;;;;13027.5;0.0
2;7400;ASH_COATED_OSMIUM;9991;10;9990;29;;;10009;13;10010;25;10014;28;9999.5;0.0
2;7400;INTARIAN_PEPPER_ROOT;13020;12;;;;;13035;12;13040;19;;;13027.5;0.0
2;7500;ASH_COATED_OSMIUM;9991;25;;;;;10009;15;10014;24;;;9999.0;0.0
2;7500;INTARIAN_PEPPER_ROOT;13022;11;13017;22;;;13034;11;13036;17;;;13027.5;0.0
2;7600;ASH_COATED_OSMIUM;9992;12;9989;26;;;10005;20;;;;;9999.5;0.0
2;7600;INTARIAN_PEPPER_ROOT;13023;9;13019;17;;;13034;8;13038;19;;;13028.0;0.0
2;7700;ASH_COATED_OSMIUM;9992;14;9989;14;;;10008;10;;;;;9999.5;0.0
2;7700;INTARIAN_PEPPER_ROOT;13026;4;13018;9;;;13035;11;;;;;13028.0;0.0
2;7800;ASH_COATED_OSMIUM;9992;12;9989;29;;;10009;25;;;;;9999.5;0.0
2;7800;INTARIAN_PEPPER_ROOT;13023;22;;;;;13034;15;13037;19;;;13028.0;0.0
2;7900;ASH_COATED_OSMIUM;9992;10;9993;26;;;10008;14;10015;26;;;9999.5;0.0
2;7900;INTARIAN_PEPPER_ROOT;13022;8;;;;;13035;9;13037;22;;;13028.0;0.0
2;8000;ASH_COATED_OSMIUM;9990;13;;;;;10008;15;10008;24;;;9999.5;0.0
2;8000;INTARIAN_PEPPER_ROOT;13023;19;13019;18;;;13034;8;;;;;13028.0;0.0
2;8100;ASH_COATED_OSMIUM;9992;10;;;;;10005;14;;;;;9999.5;0.0
2;8100;INTARIAN_PEPPER_ROOT;13023;8;13020;25;;;13035;9;13038;21;;;13028.5;0.0
2;8200;ASH_COATED_OSMIUM;9991;11;;;;;10008;25;10008;30;;;9999.5;0.0
2;8200;INTARIAN_PEPPER_ROOT;13022;9;13021;21;;;13034;12;13038;22;;;13028.5;0.0
2;8300;ASH_COATED_OSMIUM;9992;12;9986;22;;;10008;11;10015;24;;;10000.0;0.0
2;8300;INTARIAN_PEPPER_ROOT;13020;12;13018;15;;;13033;12;;;;;13028.5;0.0
2;8400;ASH_COATED_OSMIUM;9991;10;9991;20;;;10009;22;10006;28;;;10000.5;0.0
2;8400;INTARIAN_PEPPER_ROOT;13023;17;13020;15;;;13037;8;13037;18;;;13028.5;0.0
2;8500;ASH_COATED_OSMIUM;9990;11;9990;30;;;10010;3;10011;26;;;10000.0;0.0
2;8500;INTARIAN_PEPPER_ROOT;13022;9;;;;;13035;11;13039;25;;;13028.5;0.0
2;8600;ASH_COATED_OSMIUM;9992;15;9991;25;;;10009;20;;;;;10000.5;0.0
2;8600;INTARIAN_PEPPER_ROOT;13024;12;13022;16;;;13036;12;13038;23;;;13029.0;0.0
2;8700;ASH_COATED_OSMIUM;9993;13;9990;30;;;10009;14;10012;21;;;10000.5;0.0
2;8700;INTARIAN_PEPPER_ROOT;13021;12;13018;22;;;13035;12;;;;;13029.0;0.0
2;8800;ASH_COATED_OSMIUM;9993;12;9989;25;;;10010;29;;;;;10001.0;0.0
2;8800;INTARIAN_PEPPER_ROOT;13023;9;;;;;13036;9;13040;22;;;13029.0;0.0
2;8900;ASH_COATED_OSMIUM;9993;10;9991;30;;;10005;11;10011;25;;;10001.0;0.0
2;8900;INTARIAN_PEPPER_ROOT;13021;12;13019;25;;;13036;11;13037;15;;;13029.0;0.0
2;9000;ASH_COATED_OSMIUM;9992;12;9990;26;;;10009;12;;;;;10001.0;0.0
2;9000;INTARIAN_PEPPER_ROOT;13022;12;13020;20;;;13037;23;13039;20;;;13029.5;0.0
2;9100;ASH_COATED_OSMIUM;9993;10;9991;27;;;10009;14;;;;;10000.5;0.0
2;9100;INTARIAN_PEPPER_ROOT;13021;8;13022;24;;;13036;12;13037;18;;;13029.5;0.0
2;9200;ASH_COATED_OSMIUM;9993;24;9991;23;;;10007;13;10011;25;;;10000.5;0.0
2;9200;INTARIAN_PEPPER_ROOT;13028;8;13020;15;;;13036;8;13037;19;;;13029.5;0.0
2;9300;ASH_COATED_OSMIUM;9998;12;9991;10;;;10009;3;10012;28;;;10000.5;0.0
2;9300;INTARIAN_PEPPER_ROOT;13024;11;13021;18;;;13036;9;13038;21;;;13029.5;0.0
2;9400;ASH_COATED_OSMIUM;9993;20;;;;;10009;13;10012;25;;;10001.0;0.0
2;9400;INTARIAN_PEPPER_ROOT;13023;11;13023;22;;;13031;10;;;;;13029.5;0.0
2;9500;ASH_COATED_OSMIUM;9993;14;;;;;10009;24;10011;14;;;10001.0;0.0
2;9500;INTARIAN_PEPPER_ROOT;13024;8;13021;20;;;13037;16;;;;;13030.0;0.0
2;9600;ASH_COATED_OSMIUM;9997;12;9990;15;;;10005;12;;;;;10001.0;0.0
2;9600;INTARIAN_PEPPER_ROOT;13022;10;13022;17;13017;22;13037;10;13040;19;;;13030.0;0.0
2;9700;ASH_COATED_OSMIUM;9992;27;;;;;10007;2;;;;;10001.0;0.0
2;9700;INTARIAN_PEPPER_ROOT;13023;22;;;;;13036;9;13039;21;;;13030.0;0.0
2;9800;ASH_COATED_OSMIUM;9993;27;;;;;10009;14;;;;;10000.5;0.0
2;9800;INTARIAN_PEPPER_ROOT;13024;8;13021;15;;;13037;9;;;;;13030.0;0.0
2;9900;ASH_COATED_OSMIUM;9993;13;;;;;10004;15;;;;;10001.0;0.0
2;9900;INTARIAN_PEPPER_ROOT;13023;8;13022;20;;;13037;11;13038;16;;;13030.0;0.0
2;10000;ASH_COATED_OSMIUM;9995;14;9991;15;;;10011;13;10011;22;;;10001.0;0.0
2;10000;INTARIAN_PEPPER_ROOT;13025;8;13021;22;;;13037;10;;;;;13030.5;0.0
2;10100;ASH_COATED_OSMIUM;9993;13;9989;28;;;10009;15;10013;23;;;10001.0;0.0
2;10100;INTARIAN_PEPPER_ROOT;13025;10;;;;;13037;12;13039;17;;;13030.5;0.0
2;10200;ASH_COATED_OSMIUM;9993;11;9990;25;;;10009;3;;;;;10000.5;0.0
2;10200;INTARIAN_PEPPER_ROOT;13029;8;13019;21;;;13037;12;;;;;13030.5;0.0
2;10300;ASH_COATED_OSMIUM;9994;14;9991;27;;;10010;11;;;;;10001.5;0.0
2;10300;INTARIAN_PEPPER_ROOT;13024;11;;;;;13033;12;;;;;13030.5;0.0
2;10400;ASH_COATED_OSMIUM;9992;12;9991;26;;;10006;3;10013;22;;;10001.5;0.0
2;10400;INTARIAN_PEPPER_ROOT;13024;9;;;;;13038;9;13040;16;;;13030.5;0.0
2;10500;ASH_COATED_OSMIUM;9994;11;9991;21;;;10010;26;;;;;10001.5;0.0
2;10500;INTARIAN_PEPPER_ROOT;13029;12;13023;21;;;13038;9;;;;;13031.0;0.0
2;10600;ASH_COATED_OSMIUM;9994;14;;;;;10010;15;10012;24;;;10001.5;0.0
2;10600;INTARIAN_PEPPER_ROOT;13024;10;;;;;13038;8;;;;;13031.0;0.0
2;10700;ASH_COATED_OSMIUM;9991;11;;;;;10009;11;10014;27;;;10000.5;0.0
2;10700;INTARIAN_PEPPER_ROOT;13026;17;13021;15;;;13033;22;;;;;13031.0;0.0
2;10800;ASH_COATED_OSMIUM;9993;10;9991;20;;;10009;20;10012;20;;;10000.5;0.0
2;10800;INTARIAN_PEPPER_ROOT;13025;9;13021;20;;;13037;9;;;;;13031.0;0.0
2;10900;ASH_COATED_OSMIUM;9998;14;9990;24;;;10009;21;10011;22;;;10001.0;0.0
2;10900;INTARIAN_PEPPER_ROOT;13025;16;13024;20;;;13039;10;;;;;13031.5;0.0
2;11000;ASH_COATED_OSMIUM;9992;11;9990;29;;;10011;15;;;;;10001.0;0.0
2;11000;INTARIAN_PEPPER_ROOT;13026;5;13022;25;;;13039;15;;;13045;23;13031.5;0.0
2;11100;ASH_COATED_OSMIUM;9993;12;9991;25;;;10009;29;10014;29;;;10001.0;0.0
2;11100;INTARIAN_PEPPER_ROOT;13025;11;;;;;13039;24;13041;22;;;13031.5;0.0
2;11200;ASH_COATED_OSMIUM;9993;10;9990;27;;;10009;15;10011;21;;;10001.0;0.0
2;11200;INTARIAN_PEPPER_ROOT;13025;9;13023;19;;;13039;11;13041;21;;;13031.5;0.0
2;11300;ASH_COATED_OSMIUM;9992;12;9991;29;;;10007;10;10012;21;;;10001.0;0.0
2;11300;INTARIAN_PEPPER_ROOT;13026;8;13022;22;;;13038;8;;;;;13032.0;0.0
2;11400;ASH_COATED_OSMIUM;9993;10;9994;23;;;10009;10;10011;30;;;10001.0;0.0
2;11400;INTARIAN_PEPPER_ROOT;13025;8;13022;18;;;13041;9;;;;;13032.0;0.0
2;11500;ASH_COATED_OSMIUM;9994;27;9992;30;;;10011;10;10013;27;;;10002.0;0.0
2;11500;INTARIAN_PEPPER_ROOT;13025;17;13024;18;;;13039;16;;;;;13032.0;0.0
2;11600;ASH_COATED_OSMIUM;9993;24;9991;27;;;10010;25;;;;;10001.5;0.0
2;11600;INTARIAN_PEPPER_ROOT;13024;8;13023;23;;;13039;8;13043;21;;;13032.0;0.0
2;11700;ASH_COATED_OSMIUM;9993;11;9991;23;;;10010;12;10012;25;;;10001.5;0.0
2;11700;INTARIAN_PEPPER_ROOT;13025;9;13023;22;;;13042;12;13043;20;;;13032.0;0.0
2;11800;ASH_COATED_OSMIUM;9993;13;9994;26;;;10009;3;;;;;10001.0;0.0
2;11800;INTARIAN_PEPPER_ROOT;13031;9;13023;21;;;13041;19;;;;;13032.5;0.0
2;11900;ASH_COATED_OSMIUM;9994;10;9992;23;;;10010;13;;;;;10001.5;0.0
2;11900;INTARIAN_PEPPER_ROOT;13027;12;;;;;13041;12;13042;23;;;13032.5;0.0
2;12000;ASH_COATED_OSMIUM;9992;28;9990;25;;;10009;24;10012;27;;;10001.0;0.0
2;12000;INTARIAN_PEPPER_ROOT;13026;10;;;;;13041;11;13045;21;;;13032.5;0.0
2;12100;ASH_COATED_OSMIUM;9992;11;9989;22;;;10008;13;;;;;10000.0;0.0
2;12100;INTARIAN_PEPPER_ROOT;13026;9;13024;20;;;13039;8;13042;21;;;13032.5;0.0
2;12200;ASH_COATED_OSMIUM;9991;12;9989;23;;;10008;29;;;;;10000.0;0.0
2;12200;INTARIAN_PEPPER_ROOT;13028;9;13024;18;;;13039;8;13041;24;;;13033.0;0.0
2;12300;ASH_COATED_OSMIUM;9995;10;9990;30;;;10008;11;10012;23;;;10000.0;0.0
2;12300;INTARIAN_PEPPER_ROOT;13027;10;;;;;13034;12;13043;25;;;13033.0;0.0
2;12400;ASH_COATED_OSMIUM;9992;14;;;;;10008;12;10011;28;;;10000.0;0.0
2;12400;INTARIAN_PEPPER_ROOT;13027;11;13024;20;;;13040;18;13042;20;;;13033.0;0.0
2;12500;ASH_COATED_OSMIUM;9991;10;9989;25;;;10009;11;;;;;9999.5;0.0
2;12500;INTARIAN_PEPPER_ROOT;13032;10;13024;20;;;13040;24;13043;21;;;13033.0;0.0
2;12600;ASH_COATED_OSMIUM;9991;10;9989;30;;;10008;10;;;;;9999.5;0.0
2;12600;INTARIAN_PEPPER_ROOT;13027;19;13022;10;;;13039;11;13043;20;;;13033.0;0.0
2;12700;ASH_COATED_OSMIUM;9991;23;9988;23;;;10008;15;10006;29;;;10000.0;0.0
2;12700;INTARIAN_PEPPER_ROOT;13027;25;13022;17;;;13041;11;13044;17;;;13033.5;0.0
2;12800;ASH_COATED_OSMIUM;9993;22;9991;22;;;10010;25;10011;26;;;10000.5;0.0
2;12800;INTARIAN_PEPPER_ROOT;13028;24;13023;25;;;13040;11;13044;11;;;13033.5;0.0
2;12900;ASH_COATED_OSMIUM;9992;14;9989;20;;;10011;24;;;;;10000.0;0.0
2;12900;INTARIAN_PEPPER_ROOT;13027;19;13023;18;;;13040;10;13043;22;;;13033.5;0.0
2;13000;ASH_COATED_OSMIUM;9991;15;9990;21;;;10009;10;10010;26;;;9999.5;0.0
2;13000;INTARIAN_PEPPER_ROOT;13027;12;;;;;13041;23;;;;;13033.5;0.0
2;13100;ASH_COATED_OSMIUM;9991;15;9988;26;;;10008;12;10010;29;;;9999.5;0.0
2;13100;INTARIAN_PEPPER_ROOT;13029;11;13024;24;;;13040;12;13043;18;;;13034.0;0.0
2;13200;ASH_COATED_OSMIUM;9995;12;9989;30;;;10008;11;;;;;10000.0;0.0
2;13200;INTARIAN_PEPPER_ROOT;13028;12;13025;16;;;13040;9;;;;;13034.0;0.0
2;13300;ASH_COATED_OSMIUM;9992;11;9989;28;;;10008;15;10010;20;;;10000.0;0.0
2;13300;INTARIAN_PEPPER_ROOT;13027;25;13026;18;;;13040;15;13045;22;;;13034.0;0.0
2;13400;ASH_COATED_OSMIUM;9991;21;9989;27;;;10008;13;10011;25;;;10000.0;0.0
2;13400;INTARIAN_PEPPER_ROOT;13027;11;;;;;13041;9;13044;17;;;13034.0;0.0
2;13500;ASH_COATED_OSMIUM;9992;26;9990;30;9984;26;10008;20;10010;23;;;10000.0;0.0
2;13500;INTARIAN_PEPPER_ROOT;13027;12;13028;16;;;13042;11;;;;;13034.0;0.0
2;13600;ASH_COATED_OSMIUM;9995;14;9990;22;;;10008;13;10010;22;;;10000.0;0.0
2;13600;INTARIAN_PEPPER_ROOT;13029;8;13025;21;;;13041;10;13043;24;;;13034.5;0.0
2;13700;ASH_COATED_OSMIUM;9992;15;9989;25;;;10008;26;;;;;9999.5;0.0
2;13700;INTARIAN_PEPPER_ROOT;13027;12;13023;23;;;13042;11;13043;18;;;13034.5;0.0
2;13800;ASH_COATED_OSMIUM;9992;5;9989;25;;;10008;12;;;;;9999.5;0.0
2;13800;INTARIAN_PEPPER_ROOT;13026;12;;;;;13041;10;13044;16;;;13034.5;0.0
2;13900;ASH_COATED_OSMIUM;9991;13;9989;13;;;10008;12;10011;22;;;9999.5;0.0
2;13900;INTARIAN_PEPPER_ROOT;13029;12;13025;22;;;13041;10;13045;21;;;13034.5;0.0
2;14000;ASH_COATED_OSMIUM;9990;15;9989;10;;;10008;14;10011;25;;;9999.5;0.0
2;14000;INTARIAN_PEPPER_ROOT;13028;12;13026;24;;;13041;21;;;;;13034.5;0.0
2;14100;ASH_COATED_OSMIUM;9991;15;9993;25;;;10008;12;10011;26;10014;24;10000.0;0.0
2;14100;INTARIAN_PEPPER_ROOT;13028;9;13025;25;;;13041;10;13044;19;;;13035.0;0.0
2;14200;ASH_COATED_OSMIUM;9993;29;;;;;10010;11;10012;21;;;10000.5;0.0
2;14200;INTARIAN_PEPPER_ROOT;13029;10;13026;22;;;13043;23;13044;21;;;13035.0;0.0
2;14300;ASH_COATED_OSMIUM;9993;11;;;;;10009;11;10011;23;;;10001.0;0.0
2;14300;INTARIAN_PEPPER_ROOT;13034;10;;;;;13042;8;;;;;13035.0;0.0
2;14400;ASH_COATED_OSMIUM;9993;15;9990;20;;;10009;10;;;;;10000.5;0.0
2;14400;INTARIAN_PEPPER_ROOT;13029;9;13026;17;;;13041;19;13044;18;;;13035.0;0.0
2;14500;ASH_COATED_OSMIUM;9993;14;9991;20;;;10010;15;10007;27;;;10001.0;0.0
2;14500;INTARIAN_PEPPER_ROOT;13029;8;;;;;13043;10;13043;16;;;13035.0;0.0
2;14600;ASH_COATED_OSMIUM;9992;12;;;;;10008;14;10011;21;;;10000.0;0.0
2;14600;INTARIAN_PEPPER_ROOT;13029;12;13027;15;;;13042;15;;;;;13035.5;0.0
2;14700;ASH_COATED_OSMIUM;9991;11;;;;;10008;11;;;;;10000.0;0.0
2;14700;INTARIAN_PEPPER_ROOT;13029;10;;;;;13044;12;;;;;13035.5;0.0
2;14800;ASH_COATED_OSMIUM;9993;13;9990;23;;;10009;30;10012;30;10017;21;10000.5;0.0
2;14800;INTARIAN_PEPPER_ROOT;13029;10;13027;15;13021;23;13042;9;;;;;13035.5;0.0
2;14900;ASH_COATED_OSMIUM;9993;10;9990;22;;;10009;11;10012;27;;;10001.0;0.0
2;14900;INTARIAN_PEPPER_ROOT;13030;9;13027;18;;;13043;21;13043;23;;;13035.5;0.0
2;15000;ASH_COATED_OSMIUM;9993;15;9991;21;;;10011;11;10012;24;;;10001.0;0.0
2;15000;INTARIAN_PEPPER_ROOT;13030;11;;;;;13043;5;;;;;13036.0;0.0
2;15100;ASH_COATED_OSMIUM;9993;11;9990;29;;;10011;12;;;;;10001.5;0.0
2;15100;INTARIAN_PEPPER_ROOT;13028;9;13028;15;;;13043;8;13046;23;;;13036.0;0.0
2;15200;ASH_COATED_OSMIUM;9993;15;9990;22;9988;20;10009;11;10011;23;;;10001.0;0.0
2;15200;INTARIAN_PEPPER_ROOT;13029;11;13028;18;;;13042;9;;;;;13036.0;0.0
2;15300;ASH_COATED_OSMIUM;9993;14;9989;26;;;10010;15;;;;;10001.0;0.0
2;15300;INTARIAN_PEPPER_ROOT;13029;9;;;;;13043;8;;;;;13036.0;0.0
2;15400;ASH_COATED_OSMIUM;9993;27;9990;20;;;10010;12;10011;23;;;10000.5;0.0
2;15400;INTARIAN_PEPPER_ROOT;13028;11;;;;;13043;12;13046;15;;;13036.5;0.0
2;15500;ASH_COATED_OSMIUM;9991;3;9990;29;;;10006;15;10011;20;;;10000.5;0.0
2;15500;INTARIAN_PEPPER_ROOT;13031;10;13028;17;;;13043;8;13048;18;;;13036.5;0.0
2;15600;ASH_COATED_OSMIUM;9992;22;9991;28;;;10009;10;10012;22;;;10001.0;0.0
2;15600;INTARIAN_PEPPER_ROOT;13028;9;;;;;13044;11;13047;25;;;13036.5;0.0
2;15700;ASH_COATED_OSMIUM;9993;13;9991;25;;;10010;11;10011;23;;;10001.0;0.0
2;15700;INTARIAN_PEPPER_ROOT;13029;9;13028;23;;;13044;12;13046;18;;;13036.5;0.0
2;15800;ASH_COATED_OSMIUM;9992;11;9989;14;;;10010;15;10011;29;;;10000.5;0.0
2;15800;INTARIAN_PEPPER_ROOT;13030;12;13026;19;;;13044;8;13046;19;;;13036.5;0.0
2;15900;ASH_COATED_OSMIUM;9993;15;9991;27;;;10009;15;10012;26;;;10001.0;0.0
2;15900;INTARIAN_PEPPER_ROOT;13030;12;13028;19;;;13044;16;13049;25;;;13037.0;0.0
2;16000;ASH_COATED_OSMIUM;9993;13;;;;;10009;13;10012;26;;;10001.0;0.0
2;16000;INTARIAN_PEPPER_ROOT;13031;8;13029;23;;;13043;25;13047;21;;;13037.0;0.0
2;16100;ASH_COATED_OSMIUM;9993;12;9990;20;;;10009;14;10013;23;;;10000.5;0.0
2;16100;INTARIAN_PEPPER_ROOT;13031;10;;;;;13046;10;13046;24;;;13037.0;0.0
2;16200;ASH_COATED_OSMIUM;9991;14;9989;24;;;10008;21;;;;;10000.0;0.0
2;16200;INTARIAN_PEPPER_ROOT;13032;11;13028;16;;;13043;9;13046;24;;;13037.0;0.0
2;16300;ASH_COATED_OSMIUM;9992;10;9989;27;;;10008;13;10010;20;;;10000.0;0.0
2;16300;INTARIAN_PEPPER_ROOT;13032;20;13028;22;;;13044;11;;;;;13037.0;0.0
2;16400;ASH_COATED_OSMIUM;9997;14;;;;;10008;12;10011;26;;;9999.5;0.0
2;16400;INTARIAN_PEPPER_ROOT;13030;6;13028;16;;;13046;11;13046;23;;;13037.5;0.0
2;16500;ASH_COATED_OSMIUM;9992;23;9989;27;;;10008;12;10010;21;;;10000.0;0.0
2;16500;INTARIAN_PEPPER_ROOT;13029;12;;;;;13045;8;13047;15;;;13037.5;0.0
2;16600;ASH_COATED_OSMIUM;9992;8;9987;25;;;10009;15;10010;29;;;9999.5;0.0
2;16600;INTARIAN_PEPPER_ROOT;13032;10;13030;24;;;13044;12;13046;22;;;13037.5;0.0
2;16700;ASH_COATED_OSMIUM;9991;13;9990;28;;;10008;22;;;;;9999.5;0.0
2;16700;INTARIAN_PEPPER_ROOT;13032;22;13028;23;;;13045;9;13049;19;;;13037.5;0.0
2;16800;ASH_COATED_OSMIUM;9993;10;9990;28;;;10009;15;10012;26;;;10000.5;0.0
2;16800;INTARIAN_PEPPER_ROOT;13032;8;;;;;13045;9;;;;;13038.0;0.0
2;16900;ASH_COATED_OSMIUM;9993;13;9991;22;;;10010;30;10011;29;;;10000.5;0.0
2;16900;INTARIAN_PEPPER_ROOT;13032;11;13030;23;;;13044;10;13048;17;;;13038.0;0.0
2;17000;ASH_COATED_OSMIUM;9993;27;;;;;10005;13;10011;23;;;10000.5;0.0
2;17000;INTARIAN_PEPPER_ROOT;13032;12;13028;24;;;13045;9;13047;19;;;13038.0;0.0
2;17100;ASH_COATED_OSMIUM;9991;10;;;;;10008;11;;;;;10000.0;0.0
2;17100;INTARIAN_PEPPER_ROOT;13032;12;;;;;13045;12;;;;;13038.0;0.0
2;17200;ASH_COATED_OSMIUM;9991;15;9989;23;;;10008;13;10010;23;;;10000.0;0.0
2;17200;INTARIAN_PEPPER_ROOT;13029;10;13029;25;;;13045;10;13047;24;;;13038.0;0.0
2;17300;ASH_COATED_OSMIUM;9992;29;9990;26;;;10009;10;10011;26;;;9999.5;0.0
2;17300;INTARIAN_PEPPER_ROOT;13031;12;13029;25;;;13042;12;;;;;13038.5;0.0
2;17400;ASH_COATED_OSMIUM;9991;10;9989;29;;;10009;10;10009;20;;;9999.0;0.0
2;17400;INTARIAN_PEPPER_ROOT;13032;10;13029;23;;;13045;8;13048;24;;;13038.5;0.0
2;17500;ASH_COATED_OSMIUM;9991;13;9987;25;;;10008;10;10010;26;;;9998.5;0.0
2;17500;INTARIAN_PEPPER_ROOT;13030;8;13030;17;;;13046;18;;;;;13038.5;0.0
2;17600;ASH_COATED_OSMIUM;9990;10;9988;26;;;10007;11;10009;20;;;9998.0;0.0
2;17600;INTARIAN_PEPPER_ROOT;13032;8;13029;16;;;13047;12;;;;;13038.5;0.0
2;17700;ASH_COATED_OSMIUM;9991;10;;;;;10007;10;10009;21;;;9998.5;0.0
2;17700;INTARIAN_PEPPER_ROOT;13032;19;13030;22;;;13041;12;13049;20;;;13039.0;0.0
2;17800;ASH_COATED_OSMIUM;9994;10;;;;;10008;15;;;;;9998.5;0.0
2;17800;INTARIAN_PEPPER_ROOT;13032;10;13031;24;;;13041;10;13049;20;;;13039.0;0.0
2;17900;ASH_COATED_OSMIUM;9991;12;;;;;10008;15;10009;30;;;9998.5;0.0
2;17900;INTARIAN_PEPPER_ROOT;13032;12;;;13027;18;13046;9;13050;24;;;13039.0;0.0
2;18000;ASH_COATED_OSMIUM;9990;21;9987;20;;;10006;22;10009;22;;;9998.0;0.0
2;18000;INTARIAN_PEPPER_ROOT;13031;8;13031;18;;;13045;11;13049;16;;;13039.0;0.0
2;18100;ASH_COATED_OSMIUM;9990;10;9988;22;;;10006;5;10009;30;;;9998.0;0.0
2;18100;INTARIAN_PEPPER_ROOT;13034;8;;;;;13045;8;13049;25;;;13039.0;0.0
2;18200;ASH_COATED_OSMIUM;9990;10;9987;20;;;10006;7;;;;;9998.0;0.0
2;18200;INTARIAN_PEPPER_ROOT;13032;12;13030;17;;;13045;8;;;;;13039.5;0.0
2;18300;ASH_COATED_OSMIUM;9993;12;;;;;10007;13;10008;29;;;9998.0;0.0
2;18300;INTARIAN_PEPPER_ROOT;13033;11;13030;18;;;13050;16;13050;15;;;13039.5;0.0
2;18400;ASH_COATED_OSMIUM;9991;20;9989;28;;;10007;11;;;;;9998.5;0.0
2;18400;INTARIAN_PEPPER_ROOT;13033;8;;;;;13048;10;13049;15;;;13039.5;0.0
2;18500;ASH_COATED_OSMIUM;9989;20;9987;28;;;10008;12;10009;28;;;9998.0;0.0
2;18500;INTARIAN_PEPPER_ROOT;13034;8;13031;15;;;13046;10;13050;19;;;13039.5;0.0
2;18600;ASH_COATED_OSMIUM;9991;29;9988;27;;;10008;13;;;;;9999.0;0.0
2;18600;INTARIAN_PEPPER_ROOT;13033;12;13030;17;;;13048;6;13049;16;;;13039.5;0.0
2;18700;ASH_COATED_OSMIUM;9991;10;9988;22;;;10009;12;;;;;9999.0;0.0
2;18700;INTARIAN_PEPPER_ROOT;13033;12;13030;23;;;13047;12;;;;;13040.0;0.0
2;18800;ASH_COATED_OSMIUM;9992;10;9989;27;;;10009;10;;;;;9999.5;0.0
2;18800;INTARIAN_PEPPER_ROOT;13032;10;13031;17;;;13046;11;13050;21;;;13040.0;0.0
2;18900;ASH_COATED_OSMIUM;9992;13;9990;28;;;10009;11;10011;25;;;10000.0;0.0
2;18900;INTARIAN_PEPPER_ROOT;13033;12;13031;16;;;13048;11;13050;22;;;13040.0;0.0
2;19000;ASH_COATED_OSMIUM;9992;14;;;;;10008;14;10010;28;10016;25;10000.0;0.0
2;19000;INTARIAN_PEPPER_ROOT;13033;9;;;;;13049;10;;;;;13040.0;0.0
2;19100;ASH_COATED_OSMIUM;9991;27;9989;30;;;10008;12;10011;20;;;10000.0;0.0
2;19100;INTARIAN_PEPPER_ROOT;13035;12;13032;22;;;13046;21;;;;;13040.5;0.0
2;19200;ASH_COATED_OSMIUM;9991;12;9990;25;;;10009;13;10010;27;;;9999.5;0.0
2;19200;INTARIAN_PEPPER_ROOT;13034;9;13032;24;;;13048;11;13049;16;;;13040.5;0.0
2;19300;ASH_COATED_OSMIUM;9992;10;9990;25;;;10009;29;10011;25;;;9999.5;0.0
2;19300;INTARIAN_PEPPER_ROOT;13034;10;13033;17;;;13046;24;13049;21;;;13040.5;0.0
2;19400;ASH_COATED_OSMIUM;9995;9;;;;;10008;26;;;;;9999.5;0.0
2;19400;INTARIAN_PEPPER_ROOT;13033;7;13031;20;;;13047;8;13050;21;;;13040.5;0.0
2;19500;ASH_COATED_OSMIUM;9992;10;;;;;10008;11;10010;24;;;9999.5;0.0
2;19500;INTARIAN_PEPPER_ROOT;13034;11;13031;22;;;13046;10;13050;24;;;13040.5;0.0
2;19600;ASH_COATED_OSMIUM;9997;11;9990;29;;;10009;13;;;;;10000.5;0.0
2;19600;INTARIAN_PEPPER_ROOT;13035;11;13032;22;;;13049;9;13051;20;;;13041.0;0.0
2;19700;ASH_COATED_OSMIUM;9997;11;9989;23;;;10008;11;;;;;9999.5;0.0
2;19700;INTARIAN_PEPPER_ROOT;13035;9;13032;18;;;13047;20;;;;;13041.0;0.0
2;19800;ASH_COATED_OSMIUM;9991;13;9989;23;;;10008;14;10010;28;;;9999.5;0.0
2;19800;INTARIAN_PEPPER_ROOT;13035;10;13032;19;;;13048;9;13051;23;;;13041.0;0.0
2;19900;ASH_COATED_OSMIUM;9992;15;9989;28;9985;29;10008;11;10010;25;10015;23;9999.5;0.0
2;19900;INTARIAN_PEPPER_ROOT;13035;10;13033;25;;;13048;10;;;;;13041.0;0.0
2;20000;ASH_COATED_OSMIUM;9994;10;;;;;10007;13;10009;20;;;9999.0;0.0
2;20000;INTARIAN_PEPPER_ROOT;13033;10;;;;;13047;12;13051;22;;;13041.0;0.0
2;20100;ASH_COATED_OSMIUM;9991;13;;;;;10007;13;10005;28;;;9998.5;0.0
2;20100;INTARIAN_PEPPER_ROOT;13034;16;13031;15;;;13049;9;13050;21;;;13041.5;0.0
2;20200;ASH_COATED_OSMIUM;9990;14;9987;30;;;10008;11;10010;25;;;9999.0;0.0
2;20200;INTARIAN_PEPPER_ROOT;13036;9;;;;;13048;8;13051;23;;;13041.5;0.0
2;20300;ASH_COATED_OSMIUM;9990;26;9988;24;;;10007;26;10010;30;;;9998.5;0.0
2;20300;INTARIAN_PEPPER_ROOT;13035;11;13031;12;;;13049;18;13052;18;;;13041.5;0.0
2;20400;ASH_COATED_OSMIUM;9991;15;9988;29;;;10008;21;;;;;9998.5;0.0
2;20400;INTARIAN_PEPPER_ROOT;13033;10;13031;16;;;13048;11;13051;23;;;13041.5;0.0
2;20500;ASH_COATED_OSMIUM;9989;24;;;;;10006;11;10009;20;;;9998.0;0.0
2;20500;INTARIAN_PEPPER_ROOT;13035;8;;;;;13047;10;13052;8;;;13041.5;0.0
2;20600;ASH_COATED_OSMIUM;9991;11;9989;29;;;10007;11;;;;;9998.5;0.0
2;20600;INTARIAN_PEPPER_ROOT;13036;9;13039;9;;;13048;11;;;;;13042.0;0.0
2;20700;ASH_COATED_OSMIUM;9991;30;;;;;10007;12;;;;;9998.5;0.0
2;20700;INTARIAN_PEPPER_ROOT;13037;8;;;;;13050;8;13055;17;;;13042.0;0.0
2;20800;ASH_COATED_OSMIUM;9991;10;9989;24;;;10008;11;10010;28;;;9998.5;0.0
2;20800;INTARIAN_PEPPER_ROOT;13034;9;;;;;13049;11;;;;;13042.0;0.0
2;20900;ASH_COATED_OSMIUM;9991;15;;;;;10008;10;;;;;9998.5;0.0
2;20900;INTARIAN_PEPPER_ROOT;13034;8;;;;;13049;12;;;;;13042.0;0.0
2;21000;ASH_COATED_OSMIUM;9992;14;9990;27;;;10008;20;10011;24;;;9999.5;0.0
2;21000;INTARIAN_PEPPER_ROOT;13042;10;13034;19;;;13049;11;13053;16;;;13042.5;0.0
2;21100;ASH_COATED_OSMIUM;9992;11;9989;28;;;10010;12;;;;;10000.0;0.0
2;21100;INTARIAN_PEPPER_ROOT;13037;8;13033;23;;;13048;8;13051;20;;;13042.5;0.0
2;21200;ASH_COATED_OSMIUM;9992;11;9987;20;;;10008;10;;;;;10000.0;0.0
2;21200;INTARIAN_PEPPER_ROOT;13035;12;;;;;13049;9;13053;18;;;13042.5;0.0
2;21300;ASH_COATED_OSMIUM;9991;10;9989;30;;;10008;13;10010;25;;;10000.0;0.0
2;21300;INTARIAN_PEPPER_ROOT;13036;11;;;;;13051;8;;;;;13042.5;0.0
2;21400;ASH_COATED_OSMIUM;9993;13;9990;25;;;10009;12;10012;28;;;10000.5;0.0
2;21400;INTARIAN_PEPPER_ROOT;13036;12;13034;21;;;13051;23;13052;22;;;13042.5;0.0
2;21500;ASH_COATED_OSMIUM;9992;10;9989;27;;;10008;10;10014;21;;;10000.0;0.0
2;21500;INTARIAN_PEPPER_ROOT;13036;12;13035;17;;;13050;10;;;;;13043.0;0.0
2;21600;ASH_COATED_OSMIUM;9990;4;9989;24;;;10008;13;10011;20;;;10000.0;0.0
2;21600;INTARIAN_PEPPER_ROOT;13037;10;13033;18;;;13050;9;13053;21;;;13043.0;0.0
2;21700;ASH_COATED_OSMIUM;9992;11;9990;29;;;10010;11;10011;21;;;10000.0;0.0
2;21700;INTARIAN_PEPPER_ROOT;13037;12;;;;;13049;10;13051;19;;;13043.0;0.0
2;21800;ASH_COATED_OSMIUM;9998;23;9991;28;;;10009;12;;;;;10001.0;0.0
2;21800;INTARIAN_PEPPER_ROOT;13037;19;13034;19;;;13051;9;13052;20;;;13043.0;0.0
2;21900;ASH_COATED_OSMIUM;9992;12;;;;;10009;10;10013;24;;;10001.0;0.0
2;21900;INTARIAN_PEPPER_ROOT;13037;11;;;;;13051;12;;;;;13043.0;0.0
2;22000;ASH_COATED_OSMIUM;9996;12;9989;25;;;10009;14;;;;;10001.0;0.0
2;22000;INTARIAN_PEPPER_ROOT;13038;8;13034;9;;;13051;10;;;;;13043.5;0.0
2;22100;ASH_COATED_OSMIUM;9992;10;;;;;10009;15;;;;;10000.5;0.0
2;22100;INTARIAN_PEPPER_ROOT;13038;19;13034;18;;;13050;15;;;;;13043.5;0.0
2;22200;ASH_COATED_OSMIUM;9994;14;9992;30;;;10010;5;10013;29;;;10001.5;0.0
2;22200;INTARIAN_PEPPER_ROOT;13037;16;13035;16;;;13051;12;;;;;13043.5;0.0
2;22300;ASH_COATED_OSMIUM;9993;14;9990;20;;;10009;13;;;;;10001.0;0.0
2;22300;INTARIAN_PEPPER_ROOT;13037;12;13034;9;;;13051;11;13054;21;;;13043.5;0.0
2;22400;ASH_COATED_OSMIUM;9993;13;9990;13;;;10010;14;10011;24;;;10001.0;0.0
2;22400;INTARIAN_PEPPER_ROOT;13039;10;13035;15;;;13051;8;;;13059;21;13044.0;0.0
2;22500;ASH_COATED_OSMIUM;9993;11;;;;;10009;14;10011;25;;;10001.0;0.0
2;22500;INTARIAN_PEPPER_ROOT;13037;11;;;;;13051;8;;;;;13044.0;0.0
2;22600;ASH_COATED_OSMIUM;9993;4;9989;27;;;10010;12;10012;21;;;10001.5;0.0
2;22600;INTARIAN_PEPPER_ROOT;13038;8;13037;18;;;13053;12;13054;17;;;13044.0;0.0
2;22700;ASH_COATED_OSMIUM;9993;23;9991;26;;;10012;13;10013;22;;;10001.0;0.0
2;22700;INTARIAN_PEPPER_ROOT;13038;8;13035;20;13034;24;13050;8;;;;;13044.0;0.0
2;22800;ASH_COATED_OSMIUM;9994;3;;;;;10005;13;10012;28;;;10001.5;0.0
2;22800;INTARIAN_PEPPER_ROOT;13036;9;13036;22;;;13051;9;13054;16;;;13044.0;0.0
2;22900;ASH_COATED_OSMIUM;9993;28;9996;23;;;10009;13;10011;30;;;10001.0;0.0
2;22900;INTARIAN_PEPPER_ROOT;13039;11;;;13031;17;13050;16;13057;21;;;13044.5;0.0
2;23000;ASH_COATED_OSMIUM;9991;5;;;;;10009;15;10012;24;;;10001.0;0.0
2;23000;INTARIAN_PEPPER_ROOT;13036;11;13035;12;;;13051;10;;;;;13044.5;0.0
2;23100;ASH_COATED_OSMIUM;9994;10;;;;;10010;5;10014;22;;;10001.5;0.0
2;23100;INTARIAN_PEPPER_ROOT;13038;25;13035;22;;;13053;10;;;;;13044.5;0.0
2;23200;ASH_COATED_OSMIUM;9994;11;9992;20;;;10010;15;10013;29;;;10001.5;0.0
2;23200;INTARIAN_PEPPER_ROOT;13035;9;13035;24;;;13051;9;13056;24;;;13044.5;0.0
2;23300;ASH_COATED_OSMIUM;9992;22;;;;;10009;15;10012;22;;;10001.0;0.0
2;23300;INTARIAN_PEPPER_ROOT;13036;10;13036;21;;;13051;10;13054;20;;;13044.5;0.0
2;23400;ASH_COATED_OSMIUM;9993;10;;;;;10009;25;10011;13;;;10001.0;0.0
2;23400;INTARIAN_PEPPER_ROOT;13038;10;;;;;13052;11;;;;;13045.0;0.0
2;23500;ASH_COATED_OSMIUM;9997;15;9986;29;;;10010;15;10011;11;;;10001.0;0.0
2;23500;INTARIAN_PEPPER_ROOT;13039;11;;;;;13051;10;13056;20;;;13045.0;0.0
2;23600;ASH_COATED_OSMIUM;9993;12;9991;24;;;10006;12;;;;;10001.0;0.0
2;23600;INTARIAN_PEPPER_ROOT;13037;11;;;;;13052;9;;;;;13045.0;0.0
2;23700;ASH_COATED_OSMIUM;9993;14;;;;;10009;14;10012;28;10015;27;10000.5;0.0
2;23700;INTARIAN_PEPPER_ROOT;13038;10;13035;24;;;13051;12;13054;17;;;13045.0;0.0
2;23800;ASH_COATED_OSMIUM;9991;13;9990;13;;;10011;12;;;;;10000.5;0.0
2;23800;INTARIAN_PEPPER_ROOT;13038;10;13037;18;13030;23;13052;12;13057;21;;;13045.0;0.0
2;23900;ASH_COATED_OSMIUM;9991;10;9988;25;;;10010;28;10010;29;;;10000.0;0.0
2;23900;INTARIAN_PEPPER_ROOT;13040;11;13036;11;;;13052;11;13054;20;;;13045.5;0.0
2;24000;ASH_COATED_OSMIUM;9992;25;;;;;10008;3;;;;;9999.5;0.0
2;24000;INTARIAN_PEPPER_ROOT;13040;9;13037;17;;;13053;12;;;13061;19;13045.5;0.0
2;24100;ASH_COATED_OSMIUM;9991;14;;;;;10008;12;10010;29;;;9999.5;0.0
2;24100;INTARIAN_PEPPER_ROOT;13039;9;13036;21;;;13052;10;13056;20;;;13045.5;0.0
2;24200;ASH_COATED_OSMIUM;9991;10;9990;22;;;10009;2;10011;22;;;9999.5;0.0
2;24200;INTARIAN_PEPPER_ROOT;13038;9;13037;15;;;13053;11;13055;23;;;13045.5;0.0
2;24300;ASH_COATED_OSMIUM;9992;14;9989;26;;;10008;15;10008;28;;;9999.5;0.0
2;24300;INTARIAN_PEPPER_ROOT;13040;10;;;;;13053;8;;;;;13046.0;0.0
2;24400;ASH_COATED_OSMIUM;9991;15;9988;28;;;10010;14;;;;;9999.0;0.0
2;24400;INTARIAN_PEPPER_ROOT;13039;18;13042;23;;;13052;11;13055;17;;;13046.0;0.0
2;24500;ASH_COATED_OSMIUM;9989;26;;;;;10008;15;;;;;9998.5;0.0
2;24500;INTARIAN_PEPPER_ROOT;13041;9;13043;19;;;13052;23;13056;25;;;13046.0;0.0
2;24600;ASH_COATED_OSMIUM;9992;15;;;;;10009;15;;;;;9999.5;0.0
2;24600;INTARIAN_PEPPER_ROOT;13039;8;;;;;13052;12;;;;;13046.0;0.0
2;24700;ASH_COATED_OSMIUM;9990;13;9994;30;;;10004;23;;;;;9999.0;0.0
2;24700;INTARIAN_PEPPER_ROOT;13041;23;;;;;13053;11;13055;24;;;13046.0;0.0
2;24800;ASH_COATED_OSMIUM;9991;28;;;;;10009;10;;;;;9999.5;0.0
2;24800;INTARIAN_PEPPER_ROOT;13040;12;13037;21;;;13052;11;13057;25;;;13046.5;0.0
2;24900;ASH_COATED_OSMIUM;9992;10;;;;;10008;14;;;;;9999.5;0.0
2;24900;INTARIAN_PEPPER_ROOT;13040;15;13038;19;;;13053;11;13056;24;;;13046.5;0.0
2;25000;ASH_COATED_OSMIUM;9992;21;9989;21;;;10008;14;10010;21;10014;20;10000.0;0.0
2;25000;INTARIAN_PEPPER_ROOT;13041;19;13036;22;;;13054;8;13056;15;;;13046.5;0.0
2;25100;ASH_COATED_OSMIUM;9992;3;9989;23;;;10008;14;10010;28;;;9999.5;0.0
2;25100;INTARIAN_PEPPER_ROOT;13045;8;13038;19;;;13053;12;;;;;13046.5;0.0
2;25200;ASH_COATED_OSMIUM;9992;10;9989;24;;;10005;15;10010;20;;;10000.0;0.0
2;25200;INTARIAN_PEPPER_ROOT;13040;11;13037;25;;;13054;17;13057;23;;;13046.5;0.0
2;25300;ASH_COATED_OSMIUM;9992;10;;;;;10008;12;10014;21;;;10000.0;0.0
2;25300;INTARIAN_PEPPER_ROOT;13041;9;;;;;13054;8;;;;;13047.0;0.0
2;25400;ASH_COATED_OSMIUM;9993;11;9990;26;;;10009;12;;;;;10000.5;0.0
2;25400;INTARIAN_PEPPER_ROOT;13041;22;13039;21;;;13053;8;13058;21;;;13047.0;0.0
2;25500;ASH_COATED_OSMIUM;9993;14;;;;;10009;10;;;;;10000.5;0.0
2;25500;INTARIAN_PEPPER_ROOT;13041;10;13038;20;;;13053;11;13056;21;;;13047.0;0.0
2;25600;ASH_COATED_OSMIUM;9991;10;9990;11;;;10009;23;;;;;10000.0;0.0
2;25600;INTARIAN_PEPPER_ROOT;13041;8;;;;;13054;10;13060;20;;;13047.0;0.0
2;25700;ASH_COATED_OSMIUM;9990;11;;;;;10009;14;10011;29;;;10000.0;0.0
2;25700;INTARIAN_PEPPER_ROOT;13041;8;13038;20;;;13058;9;13057;18;;;13047.5;0.0
2;25800;ASH_COATED_OSMIUM;9992;20;9990;21;;;10008;26;10011;22;;;10000.0;0.0
2;25800;INTARIAN_PEPPER_ROOT;13042;10;13038;23;;;13054;12;;;;;13047.5;0.0
2;25900;ASH_COATED_OSMIUM;9992;15;9989;22;;;10009;28;;;;;10000.0;0.0
2;25900;INTARIAN_PEPPER_ROOT;13040;9;;;;;13055;9;13058;17;;;13047.5;0.0
2;26000;ASH_COATED_OSMIUM;9991;10;9988;29;;;10008;11;10010;29;;;10000.0;0.0
2;26000;INTARIAN_PEPPER_ROOT;13040;12;13039;25;;;13055;22;13057;9;;;13047.5;0.0
2;26100;ASH_COATED_OSMIUM;9993;15;9990;20;;;10009;11;10011;21;;;10001.0;0.0
2;26100;INTARIAN_PEPPER_ROOT;13044;12;;;;;13054;8;;;;;13047.5;0.0
2;26200;ASH_COATED_OSMIUM;9990;27;;;;;10010;12;10012;22;;;10000.5;0.0
2;26200;INTARIAN_PEPPER_ROOT;13043;10;;;;;13055;8;;;;;13048.0;0.0
2;26300;ASH_COATED_OSMIUM;9993;27;;;;;10011;13;;;;;10001.0;0.0
2;26300;INTARIAN_PEPPER_ROOT;13042;8;;;;;13055;11;13056;21;;;13048.0;0.0
2;26400;ASH_COATED_OSMIUM;9993;10;9989;28;;;10009;12;;;;;10000.5;0.0
2;26400;INTARIAN_PEPPER_ROOT;13040;12;;;;;13054;10;;;;;13048.0;0.0
2;26500;ASH_COATED_OSMIUM;9992;15;9990;28;;;10009;27;;;;;10000.0;0.0
2;26500;INTARIAN_PEPPER_ROOT;13043;10;;;;;13054;23;13057;25;;;13048.0;0.0
2;26600;ASH_COATED_OSMIUM;9990;12;;;;;10008;14;;;;;9999.5;0.0
2;26600;INTARIAN_PEPPER_ROOT;13047;23;;;;;13056;16;13058;16;;;13048.5;0.0
2;26700;ASH_COATED_OSMIUM;9990;11;9989;27;;;10006;20;10011;29;;;10000.0;0.0
2;26700;INTARIAN_PEPPER_ROOT;13041;12;13040;16;;;13056;8;13058;18;;;13048.5;0.0
2;26800;ASH_COATED_OSMIUM;9993;10;9990;24;;;10009;14;10012;30;;;10000.5;0.0
2;26800;INTARIAN_PEPPER_ROOT;13041;21;13041;20;;;13054;12;13058;23;;;13048.5;0.0
2;26900;ASH_COATED_OSMIUM;9996;13;9991;30;;;10010;14;10011;21;;;10001.0;0.0
2;26900;INTARIAN_PEPPER_ROOT;13041;10;;;;;13055;10;;;;;13048.5;0.0
2;27000;ASH_COATED_OSMIUM;9994;15;9991;27;;;10010;13;;;;;10001.5;0.0
2;27000;INTARIAN_PEPPER_ROOT;13043;24;13037;17;;;13055;12;13059;25;;;13048.5;0.0
2;27100;ASH_COATED_OSMIUM;9993;15;9990;26;;;10010;15;;;;;10001.0;0.0
2;27100;INTARIAN_PEPPER_ROOT;13041;21;;;;;13055;11;;;;;13049.0;0.0
2;27200;ASH_COATED_OSMIUM;9993;7;;;;;10009;5;10011;15;;;10000.5;0.0
2;27200;INTARIAN_PEPPER_ROOT;13042;5;;;;;13057;25;13059;23;;;13049.0;0.0
2;27300;ASH_COATED_OSMIUM;9990;2;9991;24;;;10009;14;;;;;10000.5;0.0
2;27300;INTARIAN_PEPPER_ROOT;13043;9;13039;18;;;13057;11;13059;19;;;13049.0;0.0
2;27400;ASH_COATED_OSMIUM;9992;13;;;;;10009;21;10011;22;;;10001.0;0.0
2;27400;INTARIAN_PEPPER_ROOT;13043;9;13041;22;;;13056;8;13059;24;;;13049.0;0.0
2;27500;ASH_COATED_OSMIUM;9993;11;9990;11;;;10009;12;;;;;10000.5;0.0
2;27500;INTARIAN_PEPPER_ROOT;13043;10;13041;20;;;13055;15;;;;;13049.5;0.0
2;27600;ASH_COATED_OSMIUM;9992;22;9990;26;;;10009;14;10010;14;;;10000.0;0.0
2;27600;INTARIAN_PEPPER_ROOT;13043;11;13039;23;;;13056;11;13061;25;;;13049.5;0.0
2;27700;ASH_COATED_OSMIUM;9992;13;;;;;10009;13;10010;22;;;9999.5;0.0
2;27700;INTARIAN_PEPPER_ROOT;13043;19;13042;25;;;13056;15;13059;16;;;13049.5;0.0
2;27800;ASH_COATED_OSMIUM;9992;13;9990;15;;;10008;30;10010;22;;;9999.5;0.0
2;27800;INTARIAN_PEPPER_ROOT;13046;12;13041;24;;;13056;25;13058;18;;;13049.5;0.0
2;27900;ASH_COATED_OSMIUM;9992;13;9990;20;;;10011;12;10011;30;;;10000.0;0.0
2;27900;INTARIAN_PEPPER_ROOT;13044;10;13042;19;;;13056;10;13059;25;;;13049.5;0.0
2;28000;ASH_COATED_OSMIUM;9991;15;9988;30;;;10002;10;;;;;9999.0;0.0
2;28000;INTARIAN_PEPPER_ROOT;13045;9;;;;;13056;10;;;;;13050.0;0.0
2;28100;ASH_COATED_OSMIUM;9989;15;;;;;10004;12;;;;;9998.0;0.0
2;28100;INTARIAN_PEPPER_ROOT;13044;8;13041;21;;;13056;10;;;;;13050.0;0.0
2;28200;ASH_COATED_OSMIUM;9989;12;;;9982;24;10007;15;;;;;9998.5;0.0
2;28200;INTARIAN_PEPPER_ROOT;13045;18;13041;16;;;13051;8;;;;;13050.0;0.0
2;28300;ASH_COATED_OSMIUM;9992;11;9989;28;;;10009;11;10011;30;;;9999.5;0.0
2;28300;INTARIAN_PEPPER_ROOT;13043;12;13043;20;;;13058;9;13060;24;;;13050.0;0.0
2;28400;ASH_COATED_OSMIUM;9991;15;;;;;10007;13;10011;21;;;9999.0;0.0
2;28400;INTARIAN_PEPPER_ROOT;13045;8;13041;18;;;13057;12;13059;19;;;13050.0;0.0
2;28500;ASH_COATED_OSMIUM;9991;13;;;;;10007;10;10010;30;;;9998.5;0.0
2;28500;INTARIAN_PEPPER_ROOT;13045;11;13041;22;;;13057;8;13060;19;13061;18;13050.5;0.0
2;28600;ASH_COATED_OSMIUM;9990;11;9989;26;;;10008;14;10009;29;;;9999.0;0.0
2;28600;INTARIAN_PEPPER_ROOT;13044;12;13040;16;;;13058;23;13058;20;;;13050.5;0.0
2;28700;ASH_COATED_OSMIUM;9990;15;9989;21;;;10007;12;10011;23;;;9998.5;0.0
2;28700;INTARIAN_PEPPER_ROOT;13048;9;;;;;13057;10;;;;;13050.5;0.0
2;28800;ASH_COATED_OSMIUM;9991;13;9989;21;;;10008;11;10009;27;;;9999.0;0.0
2;28800;INTARIAN_PEPPER_ROOT;13044;11;13044;24;;;13058;10;13060;19;;;13050.5;0.0
2;28900;ASH_COATED_OSMIUM;9991;15;9988;30;;;10004;15;;;;;9998.5;0.0
2;28900;INTARIAN_PEPPER_ROOT;13049;10;;;;;13058;9;13060;24;;;13051.0;0.0
2;29000;ASH_COATED_OSMIUM;9991;21;;;;;10007;14;10010;24;;;9998.5;0.0
2;29000;INTARIAN_PEPPER_ROOT;13045;11;13043;24;;;13057;12;13060;18;;;13051.0;0.0
2;29100;ASH_COATED_OSMIUM;9991;10;9989;27;;;10007;30;;;;;9998.5;0.0
2;29100;INTARIAN_PEPPER_ROOT;13045;10;;;;;13058;8;13062;20;;;13051.0;0.0
2;29200;ASH_COATED_OSMIUM;9991;11;9988;26;;;10007;15;;;;;9998.5;0.0
2;29200;INTARIAN_PEPPER_ROOT;13045;11;;;;;13057;7;;;;;13051.0;0.0
2;29300;ASH_COATED_OSMIUM;9988;15;9987;27;;;10007;14;10010;27;;;9998.5;0.0
2;29300;INTARIAN_PEPPER_ROOT;13042;9;13040;16;;;13057;21;13060;20;;;13051.0;0.0
2;29400;ASH_COATED_OSMIUM;9994;12;;;;;10008;11;10009;21;;;9998.5;0.0
2;29400;INTARIAN_PEPPER_ROOT;13046;10;13042;21;;;13060;22;13062;15;;;13051.5;0.0
2;29500;ASH_COATED_OSMIUM;9990;10;9986;26;;;10006;11;10008;30;;;9998.0;0.0
2;29500;INTARIAN_PEPPER_ROOT;13044;10;;;;;13060;9;13062;21;;;13051.5;0.0
2;29600;ASH_COATED_OSMIUM;9993;25;9984;23;;;10006;12;10010;28;;;9997.5;0.0
2;29600;INTARIAN_PEPPER_ROOT;13043;11;;;;;13057;8;;;;;13051.5;0.0
2;29700;ASH_COATED_OSMIUM;9989;10;;;;;10002;13;;;;;9998.0;0.0
2;29700;INTARIAN_PEPPER_ROOT;13044;9;;;;;13059;22;;;;;13051.5;0.0
2;29800;ASH_COATED_OSMIUM;9990;24;;;;;10006;11;10008;23;;;9998.0;0.0
2;29800;INTARIAN_PEPPER_ROOT;13044;25;13043;24;;;13058;12;13062;15;;;13052.0;0.0
2;29900;ASH_COATED_OSMIUM;9991;13;9987;24;;;10007;12;;;10013;25;9998.5;0.0
2;29900;INTARIAN_PEPPER_ROOT;13046;8;;;;;13058;16;13063;22;;;13052.0;0.0
2;30000;ASH_COATED_OSMIUM;9991;14;;;;;10007;7;10009;25;;;9999.0;0.0
2;30000;INTARIAN_PEPPER_ROOT;13044;12;;;;;13059;23;13068;15;;;13052.0;0.0
2;30100;ASH_COATED_OSMIUM;9991;29;;;;;10007;13;10010;24;;;9998.5;0.0
2;30100;INTARIAN_PEPPER_ROOT;13044;10;13042;18;;;13059;10;13063;25;;;13052.0;0.0
2;30200;ASH_COATED_OSMIUM;9991;25;9989;29;;;10007;11;10011;25;;;9998.5;0.0
2;30200;INTARIAN_PEPPER_ROOT;13045;9;;;;;13060;11;;;;;13052.0;0.0
2;30300;ASH_COATED_OSMIUM;9990;10;9988;23;;;10007;13;10009;21;;;9999.0;0.0
2;30300;INTARIAN_PEPPER_ROOT;13047;18;13048;20;;;13058;11;13062;21;;;13052.5;0.0
2;30400;ASH_COATED_OSMIUM;9995;26;9989;23;;;10008;13;;;;;9999.0;0.0
2;30400;INTARIAN_PEPPER_ROOT;13045;10;13045;23;;;13060;11;13061;23;;;13052.5;0.0
2;30500;ASH_COATED_OSMIUM;9991;13;;;;;10007;11;;;;;9999.0;0.0
2;30500;INTARIAN_PEPPER_ROOT;13051;10;;;;;13057;11;13063;21;;;13052.5;0.0
2;30600;ASH_COATED_OSMIUM;9992;15;9989;15;;;10009;12;;;;;10000.0;0.0
2;30600;INTARIAN_PEPPER_ROOT;13046;9;13044;19;;;13059;9;;;;;13052.5;0.0
2;30700;ASH_COATED_OSMIUM;9992;21;;;;;10008;14;;;;;9999.5;0.0
2;30700;INTARIAN_PEPPER_ROOT;13047;10;13044;24;;;13058;8;13063;25;;;13052.5;0.0
2;30800;ASH_COATED_OSMIUM;9990;22;;;;;10008;13;10011;21;;;9999.5;0.0
2;30800;INTARIAN_PEPPER_ROOT;13047;9;;;;;13060;12;13064;21;;;13053.0;0.0
2;30900;ASH_COATED_OSMIUM;9990;10;;;;;10007;11;10009;27;;;9998.5;0.0
2;30900;INTARIAN_PEPPER_ROOT;13048;22;;;;;13059;24;;;;;13053.0;0.0
2;31000;ASH_COATED_OSMIUM;9990;14;9989;24;;;10008;11;;;;;9998.5;0.0
2;31000;INTARIAN_PEPPER_ROOT;13047;10;13044;20;;;13061;10;;;;;13053.0;0.0
2;31100;ASH_COATED_OSMIUM;9991;15;9989;25;;;10009;13;10011;24;;;9999.5;0.0
2;31100;INTARIAN_PEPPER_ROOT;13051;23;13044;20;;;13059;10;13063;25;;;13053.0;0.0
2;31200;ASH_COATED_OSMIUM;9990;28;9990;20;;;10009;11;10011;25;;;9999.5;0.0
2;31200;INTARIAN_PEPPER_ROOT;13048;10;13042;20;;;13059;11;13065;17;;;13053.5;0.0
2;31300;ASH_COATED_OSMIUM;9992;13;9990;20;;;10008;15;10010;29;;;9999.5;0.0
2;31300;INTARIAN_PEPPER_ROOT;13047;9;13046;21;;;13059;21;;;;;13053.5;0.0
2;31400;ASH_COATED_OSMIUM;9991;15;9989;21;;;10007;13;;;;;9998.5;0.0
2;31400;INTARIAN_PEPPER_ROOT;13048;9;13046;22;;;13061;9;13062;21;;;13053.5;0.0
2;31500;ASH_COATED_OSMIUM;9991;13;9987;25;;;10007;14;10009;20;;;9998.5;0.0
2;31500;INTARIAN_PEPPER_ROOT;13048;10;;;;;13062;24;13063;18;;;13053.5;0.0
2;31600;ASH_COATED_OSMIUM;9991;12;9988;20;;;10008;15;10011;29;;;9998.5;0.0
2;31600;INTARIAN_PEPPER_ROOT;13048;9;13045;15;;;13059;10;13063;21;;;13053.5;0.0
2;31700;ASH_COATED_OSMIUM;9991;29;;;;;10004;15;;;;;9999.0;0.0
2;31700;INTARIAN_PEPPER_ROOT;13046;12;;;;;13062;12;;;;;13054.0;0.0
2;31800;ASH_COATED_OSMIUM;9991;10;9988;30;;;10007;12;10010;22;;;9998.5;0.0
2;31800;INTARIAN_PEPPER_ROOT;13047;12;13047;21;;;13060;8;;;;;13054.0;0.0
2;31900;ASH_COATED_OSMIUM;9991;13;;;;;10002;28;10010;28;;;9999.0;0.0
2;31900;INTARIAN_PEPPER_ROOT;13048;8;;;;;13060;8;13064;20;;;13054.0;0.0
2;32000;ASH_COATED_OSMIUM;9992;15;9990;22;;;10005;13;10012;24;;;9999.5;0.0
2;32000;INTARIAN_PEPPER_ROOT;13047;11;;;;;13057;8;13063;22;;;13054.0;0.0
2;32100;ASH_COATED_OSMIUM;9992;24;9989;24;;;10009;12;;;;;9999.5;0.0
2;32100;INTARIAN_PEPPER_ROOT;13048;9;;;;;13063;10;13064;19;;;13054.5;0.0
2;32200;ASH_COATED_OSMIUM;9991;13;9988;20;;;10007;10;;;;;9999.0;0.0
2;32200;INTARIAN_PEPPER_ROOT;13049;21;;;;;13061;11;;;;;13054.5;0.0
2;32300;ASH_COATED_OSMIUM;9992;26;;;;;10008;10;10011;21;10013;22;9999.5;0.0
2;32300;INTARIAN_PEPPER_ROOT;13044;10;13046;20;;;13060;10;;;;;13054.5;0.0
2;32400;ASH_COATED_OSMIUM;9992;13;;;;;10008;15;;;;;10000.0;0.0
2;32400;INTARIAN_PEPPER_ROOT;13048;7;13045;23;;;13061;17;;;;;13054.5;0.0
2;32500;ASH_COATED_OSMIUM;9992;25;9989;24;;;10011;28;10011;21;;;10000.0;0.0
2;32500;INTARIAN_PEPPER_ROOT;13048;10;13045;24;;;13061;9;;;;;13054.5;0.0
2;32600;ASH_COATED_OSMIUM;9993;15;9990;24;;;10010;10;10012;22;;;10000.5;0.0
2;32600;INTARIAN_PEPPER_ROOT;13046;12;13045;23;;;13062;9;13064;23;;;13055.0;0.0
2;32700;ASH_COATED_OSMIUM;9992;28;9989;29;;;10008;12;10011;29;;;10000.0;0.0
2;32700;INTARIAN_PEPPER_ROOT;13045;10;13046;25;;;13061;12;;;13068;17;13055.0;0.0
2;32800;ASH_COATED_OSMIUM;9997;15;;;;;10008;30;10010;24;;;9999.5;0.0
2;32800;INTARIAN_PEPPER_ROOT;13049;21;13046;21;;;13064;10;13065;15;;;13055.0;0.0
2;32900;ASH_COATED_OSMIUM;9990;13;;;;;10009;15;10011;11;;;9999.5;0.0
2;32900;INTARIAN_PEPPER_ROOT;13050;11;;;;;13062;10;;;;;13055.0;0.0
2;33000;ASH_COATED_OSMIUM;9992;21;9990;25;;;10008;22;10010;21;;;9999.5;0.0
2;33000;INTARIAN_PEPPER_ROOT;13049;10;13044;22;;;13064;8;;;;;13055.5;0.0
2;33100;ASH_COATED_OSMIUM;9992;25;;;;;10008;24;10011;12;;;9999.5;0.0
2;33100;INTARIAN_PEPPER_ROOT;13050;18;13047;23;;;13063;11;13065;18;;;13055.5;0.0
2;33200;ASH_COATED_OSMIUM;9991;6;9989;27;;;10008;4;;;;;9999.5;0.0
2;33200;INTARIAN_PEPPER_ROOT;13048;9;13047;17;;;13062;12;13065;25;;;13055.5;0.0
2;33300;ASH_COATED_OSMIUM;9990;14;9989;23;;;10008;12;10015;25;;;9999.5;0.0
2;33300;INTARIAN_PEPPER_ROOT;13049;12;13047;21;;;13062;16;;;;;13055.5;0.0
2;33400;ASH_COATED_OSMIUM;9992;13;9990;26;;;10008;11;;;;;9999.5;0.0
2;33400;INTARIAN_PEPPER_ROOT;13050;12;13046;24;;;13062;11;;;;;13055.5;0.0
2;33500;ASH_COATED_OSMIUM;9990;27;9988;20;;;10007;10;10009;27;;;9999.0;0.0
2;33500;INTARIAN_PEPPER_ROOT;13049;8;13047;22;;;13063;11;13065;18;;;13056.0;0.0
2;33600;ASH_COATED_OSMIUM;9990;10;9988;24;;;10007;15;10011;25;;;9999.0;0.0
2;33600;INTARIAN_PEPPER_ROOT;13049;8;13046;16;;;13063;17;13067;19;;;13056.0;0.0
2;33700;ASH_COATED_OSMIUM;9991;10;;;;;10007;26;;;;;9999.0;0.0
2;33700;INTARIAN_PEPPER_ROOT;13048;8;13047;15;;;13062;12;13065;16;;;13056.0;0.0
2;33800;ASH_COATED_OSMIUM;9991;28;9989;23;;;10007;2;10007;21;;;9999.0;0.0
2;33800;INTARIAN_PEPPER_ROOT;13050;10;;;;;13063;10;13066;25;;;13056.0;0.0
2;33900;ASH_COATED_OSMIUM;9988;21;9988;27;;;10008;12;;;;;9998.5;0.0
2;33900;INTARIAN_PEPPER_ROOT;13050;8;13048;20;;;13062;9;13064;17;;;13056.0;0.0
2;34000;ASH_COATED_OSMIUM;9989;14;9989;30;;;10007;15;;;;;9998.5;0.0
2;34000;INTARIAN_PEPPER_ROOT;13051;8;;;;;13063;12;13066;16;;;13056.5;0.0
2;34100;ASH_COATED_OSMIUM;9990;9;9988;29;;;10003;12;10009;30;;;9998.0;0.0
2;34100;INTARIAN_PEPPER_ROOT;13051;9;;;;;13063;9;13066;21;;;13056.5;0.0
2;34200;ASH_COATED_OSMIUM;9991;14;9988;20;;;10007;15;10010;27;;;9998.5;0.0
2;34200;INTARIAN_PEPPER_ROOT;13050;9;13047;17;;;13063;11;;;;;13056.5;0.0
2;34300;ASH_COATED_OSMIUM;9989;11;;;;;10007;23;;;;;9998.5;0.0
2;34300;INTARIAN_PEPPER_ROOT;13051;18;;;;;13064;10;;;;;13056.5;0.0
2;34400;ASH_COATED_OSMIUM;9992;20;;;;;10009;13;;;;;9999.5;0.0
2;34400;INTARIAN_PEPPER_ROOT;13049;16;13048;25;;;13064;8;;;;;13057.0;0.0
2;34500;ASH_COATED_OSMIUM;9990;29;;;;;10007;13;10011;27;;;9999.0;0.0
2;34500;INTARIAN_PEPPER_ROOT;13051;11;;;;;13066;12;;;;;13057.0;0.0
2;34600;ASH_COATED_OSMIUM;9991;29;9988;30;;;10007;11;;;;;9999.0;0.0
2;34600;INTARIAN_PEPPER_ROOT;13051;11;;;;;13063;11;13069;22;;;13057.0;0.0
2;34700;ASH_COATED_OSMIUM;9989;29;;;;;10008;12;10009;23;;;9998.5;0.0
2;34700;INTARIAN_PEPPER_ROOT;13051;10;;;;;13064;11;13067;24;;;13057.0;0.0
2;34800;ASH_COATED_OSMIUM;9990;11;;;;;10007;13;10008;24;;;9997.5;0.0
2;34800;INTARIAN_PEPPER_ROOT;13051;11;;;;;13065;11;13068;21;;;13057.0;0.0
2;34900;ASH_COATED_OSMIUM;9990;13;9988;22;;;10006;13;10010;24;;;9998.0;0.0
2;34900;INTARIAN_PEPPER_ROOT;13051;24;13050;23;;;13065;8;;;;;13057.5;0.0
2;35000;ASH_COATED_OSMIUM;9990;10;;;;;10006;15;10008;14;;;9998.0;0.0
2;35000;INTARIAN_PEPPER_ROOT;13051;25;13047;20;;;13064;10;13066;16;;;13057.5;0.0
2;35100;ASH_COATED_OSMIUM;9991;15;9988;29;;;10007;15;10010;20;;;9998.5;0.0
2;35100;INTARIAN_PEPPER_ROOT;13051;12;13049;16;;;13064;9;13068;18;;;13057.5;0.0
2;35200;ASH_COATED_OSMIUM;9990;4;9987;29;;;10008;15;10010;25;;;9998.5;0.0
2;35200;INTARIAN_PEPPER_ROOT;13052;10;;;;;13064;19;13066;23;;;13057.5;0.0
2;35300;ASH_COATED_OSMIUM;9990;25;9991;23;;;10002;10;10009;21;;;9998.0;0.0
2;35300;INTARIAN_PEPPER_ROOT;13051;6;;;;;13065;10;13068;18;;;13058.0;0.0
2;35400;ASH_COATED_OSMIUM;9990;21;;;;;10006;15;10008;20;;;9998.0;0.0
2;35400;INTARIAN_PEPPER_ROOT;13051;12;;;;;13065;19;;;;;13058.0;0.0
2;35500;ASH_COATED_OSMIUM;9989;23;9988;22;;;10006;11;;;;;9998.0;0.0
2;35500;INTARIAN_PEPPER_ROOT;13052;10;;;;;13067;9;13068;20;;;13058.0;0.0
2;35600;ASH_COATED_OSMIUM;9989;14;9988;24;;;10006;13;10008;22;;;9998.0;0.0
2;35600;INTARIAN_PEPPER_ROOT;13051;12;;;;;13065;9;;;;;13058.0;0.0
2;35700;ASH_COATED_OSMIUM;9990;14;9988;23;;;10009;15;;;;;9999.0;0.0
2;35700;INTARIAN_PEPPER_ROOT;13051;12;13050;17;;;13065;11;;;;;13058.0;0.0
2;35800;ASH_COATED_OSMIUM;9991;12;9987;23;;;10007;22;10009;25;;;9998.5;0.0
2;35800;INTARIAN_PEPPER_ROOT;13051;12;;;;;13065;19;13069;23;;;13058.5;0.0
2;35900;ASH_COATED_OSMIUM;9991;10;9988;22;;;10007;12;10012;27;;;9998.5;0.0
2;35900;INTARIAN_PEPPER_ROOT;13052;18;13048;25;;;13065;11;;;;;13058.5;0.0
2;36000;ASH_COATED_OSMIUM;9991;12;9989;27;;;10005;13;10009;28;;;9999.0;0.0
2;36000;INTARIAN_PEPPER_ROOT;13048;10;;;;;13065;9;13068;21;;;13058.5;0.0
2;36100;ASH_COATED_OSMIUM;9991;24;;;;;10007;11;10009;23;;;9999.0;0.0
2;36100;INTARIAN_PEPPER_ROOT;13052;8;;;;;13065;12;;;;;13058.5;0.0
2;36200;ASH_COATED_OSMIUM;9991;11;;;;;10009;10;;;;;9999.0;0.0
2;36200;INTARIAN_PEPPER_ROOT;13053;10;13048;24;;;13067;21;13070;21;;;13059.0;0.0
2;36300;ASH_COATED_OSMIUM;9992;25;;;;;10008;10;10012;26;;;9999.5;0.0
2;36300;INTARIAN_PEPPER_ROOT;13050;10;;;;;13066;12;13068;23;;;13059.0;0.0
2;36400;ASH_COATED_OSMIUM;9997;25;;;;;10008;27;;;;;9999.5;0.0
2;36400;INTARIAN_PEPPER_ROOT;13052;12;13049;17;;;13065;11;;;;;13059.0;0.0
2;36500;ASH_COATED_OSMIUM;9991;10;9992;28;;;10007;10;10009;26;;;9999.0;0.0
2;36500;INTARIAN_PEPPER_ROOT;13053;9;13050;19;;;13067;11;;;;;13059.0;0.0
2;36600;ASH_COATED_OSMIUM;9991;11;9989;29;;;10008;10;10010;25;;;9999.0;0.0
2;36600;INTARIAN_PEPPER_ROOT;13053;9;13050;25;;;13066;10;13068;17;;;13059.0;0.0
2;36700;ASH_COATED_OSMIUM;9990;14;;;;;10007;12;10010;30;;;9998.5;0.0
2;36700;INTARIAN_PEPPER_ROOT;13054;23;;;;;13066;6;13069;21;;;13059.5;0.0
2;36800;ASH_COATED_OSMIUM;9990;12;9988;27;;;10007;13;10010;26;;;9998.0;0.0
2;36800;INTARIAN_PEPPER_ROOT;13053;9;;;;;13066;11;13070;16;;;13059.5;0.0
2;36900;ASH_COATED_OSMIUM;9990;26;9988;27;;;10006;21;;;;;9998.0;0.0
2;36900;INTARIAN_PEPPER_ROOT;13053;18;13050;21;;;13065;9;13069;23;;;13059.5;0.0
2;37000;ASH_COATED_OSMIUM;9991;14;9987;28;;;10007;11;10010;27;;;9998.5;0.0
2;37000;INTARIAN_PEPPER_ROOT;13052;8;13050;20;;;13068;9;13069;17;;;13059.5;0.0
2;37100;ASH_COATED_OSMIUM;9991;12;9989;28;;;10001;4;;;;;9998.5;0.0
2;37100;INTARIAN_PEPPER_ROOT;13053;12;13051;17;;;13066;8;13070;23;;;13059.5;0.0
2;37200;ASH_COATED_OSMIUM;9991;12;9988;20;;;10007;11;10010;28;;;9998.5;0.0
2;37200;INTARIAN_PEPPER_ROOT;13052;12;13052;19;;;13069;11;13072;17;;;13060.0;0.0
2;37300;ASH_COATED_OSMIUM;9996;13;9988;22;;;10007;22;10009;20;;;9998.5;0.0
2;37300;INTARIAN_PEPPER_ROOT;13054;8;13052;25;;;13066;8;13070;15;;;13060.0;0.0
2;37400;ASH_COATED_OSMIUM;9990;12;9987;28;;;10006;10;;;;;9998.0;0.0
2;37400;INTARIAN_PEPPER_ROOT;13054;9;;;;;13067;19;13069;18;;;13060.0;0.0
2;37500;ASH_COATED_OSMIUM;9991;14;;;;;10007;14;10009;22;;;9998.5;0.0
2;37500;INTARIAN_PEPPER_ROOT;13052;10;13052;22;13045;19;13067;8;13068;12;;;13060.0;0.0
2;37600;ASH_COATED_OSMIUM;9991;15;9988;29;;;10007;12;10009;24;;;9998.5;0.0
2;37600;INTARIAN_PEPPER_ROOT;13056;12;;;;;13067;10;13071;20;;;13060.5;0.0
2;37700;ASH_COATED_OSMIUM;9991;12;9987;22;;;10002;12;10010;22;;;9998.5;0.0
2;37700;INTARIAN_PEPPER_ROOT;13059;24;;;;;13067;15;13070;23;;;13060.5;0.0
2;37800;ASH_COATED_OSMIUM;9997;13;;;;;10008;14;10011;23;;;9999.5;0.0
2;37800;INTARIAN_PEPPER_ROOT;13055;17;13051;22;;;13069;11;;;13076;23;13060.5;0.0
2;37900;ASH_COATED_OSMIUM;9990;10;9989;20;;;10007;14;10009;22;;;9999.0;0.0
2;37900;INTARIAN_PEPPER_ROOT;13053;11;13052;25;;;13069;10;;;;;13060.5;0.0
2;38000;ASH_COATED_OSMIUM;9990;15;9988;22;;;10008;13;;;;;9999.0;0.0
2;38000;INTARIAN_PEPPER_ROOT;13054;9;13051;19;;;13067;12;13071;22;;;13060.5;0.0
2;38100;ASH_COATED_OSMIUM;9991;15;9990;29;;;10008;25;10006;23;;;9999.5;0.0
2;38100;INTARIAN_PEPPER_ROOT;13055;9;;;;;13068;9;;;;;13061.0;0.0
2;38200;ASH_COATED_OSMIUM;9991;10;9989;23;;;10008;12;10010;30;;;9999.5;0.0
2;38200;INTARIAN_PEPPER_ROOT;13052;9;13052;23;;;13068;8;;;;;13061.0;0.0
2;38300;ASH_COATED_OSMIUM;9992;14;9989;23;;;10008;14;10011;23;10015;25;9999.5;0.0
2;38300;INTARIAN_PEPPER_ROOT;13055;12;13052;25;;;13067;10;13070;22;;;13061.0;0.0
2;38400;ASH_COATED_OSMIUM;9991;13;9989;30;9987;23;10008;14;10011;22;;;10000.0;0.0
2;38400;INTARIAN_PEPPER_ROOT;13055;18;13053;25;;;13070;9;13069;22;;;13061.0;0.0
2;38500;ASH_COATED_OSMIUM;9991;4;9990;22;;;10009;12;10010;22;;;10000.0;0.0
2;38500;INTARIAN_PEPPER_ROOT;13055;8;;;;;13068;8;13070;17;;;13061.5;0.0
2;38600;ASH_COATED_OSMIUM;9991;10;9990;23;;;10008;14;10012;28;;;10000.0;0.0
2;38600;INTARIAN_PEPPER_ROOT;13055;8;13054;24;;;13069;10;13071;16;;;13061.5;0.0
2;38700;ASH_COATED_OSMIUM;9992;13;9989;30;;;10008;11;10011;27;;;10000.0;0.0
2;38700;INTARIAN_PEPPER_ROOT;13056;8;;;;;13068;7;;;;;13061.5;0.0
2;38800;ASH_COATED_OSMIUM;9991;10;9988;30;;;10008;30;10011;26;;;9999.5;0.0
2;38800;INTARIAN_PEPPER_ROOT;13053;3;13053;21;;;13069;9;;;;;13061.5;0.0
2;38900;ASH_COATED_OSMIUM;9992;10;;;;;10008;12;10011;20;;;9999.5;0.0
2;38900;INTARIAN_PEPPER_ROOT;13055;18;13053;20;;;13067;11;;;;;13061.5;0.0
2;39000;ASH_COATED_OSMIUM;9992;11;9988;20;;;10009;10;;;;;9999.5;0.0
2;39000;INTARIAN_PEPPER_ROOT;13054;11;;;;;13070;11;13073;21;;;13062.0;0.0
2;39100;ASH_COATED_OSMIUM;9991;13;9987;22;;;10007;14;;;;;9999.0;0.0
2;39100;INTARIAN_PEPPER_ROOT;13054;10;13051;20;;;13070;17;13074;16;;;13062.0;0.0
2;39200;ASH_COATED_OSMIUM;9989;12;9989;24;;;10004;14;10010;24;;;9998.5;0.0
2;39200;INTARIAN_PEPPER_ROOT;13055;9;13054;23;;;13068;10;13072;24;;;13062.0;0.0
2;39300;ASH_COATED_OSMIUM;9991;13;9989;27;;;10008;11;10011;28;;;9998.5;0.0
2;39300;INTARIAN_PEPPER_ROOT;13056;12;13052;19;;;13069;10;;;;;13062.0;0.0
2;39400;ASH_COATED_OSMIUM;9991;30;9987;29;;;10009;14;;;;;9999.0;0.0
2;39400;INTARIAN_PEPPER_ROOT;13056;10;13059;8;;;13069;12;13072;17;;;13062.5;0.0
2;39500;ASH_COATED_OSMIUM;9991;14;;;;;10007;11;10009;24;;;9999.0;0.0
2;39500;INTARIAN_PEPPER_ROOT;13055;12;13052;15;;;13070;10;13072;22;;;13062.5;0.0
2;39600;ASH_COATED_OSMIUM;9991;10;;;;;10009;30;10010;22;;;9999.0;0.0
2;39600;INTARIAN_PEPPER_ROOT;13054;8;;;;;13069;12;13071;16;;;13062.5;0.0
2;39700;ASH_COATED_OSMIUM;9990;12;9989;26;;;10008;20;10009;22;;;9999.0;0.0
2;39700;INTARIAN_PEPPER_ROOT;13056;11;;;;;13069;9;13072;24;;;13062.5;0.0
2;39800;ASH_COATED_OSMIUM;9991;15;9989;30;;;10008;23;10011;25;;;9999.0;0.0
2;39800;INTARIAN_PEPPER_ROOT;13055;8;13054;15;;;13070;12;;;;;13062.5;0.0
2;39900;ASH_COATED_OSMIUM;9991;13;9988;23;;;10007;13;10010;25;;;9998.5;0.0
2;39900;INTARIAN_PEPPER_ROOT;13058;11;;;;;13069;12;13072;17;;;13063.0;0.0
2;40000;ASH_COATED_OSMIUM;9991;11;9989;28;;;10003;13;10010;23;;;9998.5;0.0
2;40000;INTARIAN_PEPPER_ROOT;13055;12;13054;19;;;13070;10;;;;;13063.0;0.0
2;40100;ASH_COATED_OSMIUM;9991;10;;;;;10007;13;;;;;9999.0;0.0
2;40100;INTARIAN_PEPPER_ROOT;13055;8;;;;;13071;11;13071;25;;;13063.0;0.0
2;40200;ASH_COATED_OSMIUM;9991;15;9988;26;;;10007;10;10010;26;;;9998.5;0.0
2;40200;INTARIAN_PEPPER_ROOT;13054;9;;;;;13069;19;13073;20;;;13063.0;0.0
2;40300;ASH_COATED_OSMIUM;9989;15;;;;;10005;10;10010;24;;;9998.5;0.0
2;40300;INTARIAN_PEPPER_ROOT;13057;10;;;;;13072;12;;;;;13063.0;0.0
2;40400;ASH_COATED_OSMIUM;9990;15;9988;24;;;10007;12;;;10014;20;9998.5;0.0
2;40400;INTARIAN_PEPPER_ROOT;13062;12;;;;;13072;10;13072;22;;;13063.5;0.0
2;40500;ASH_COATED_OSMIUM;9989;14;;;;;10007;13;;;;;9998.5;0.0
2;40500;INTARIAN_PEPPER_ROOT;13058;8;13053;23;;;13071;9;13075;25;;;13063.5;0.0
2;40600;ASH_COATED_OSMIUM;9991;12;;;;;10007;21;10009;21;;;9999.0;0.0
2;40600;INTARIAN_PEPPER_ROOT;13058;19;;;;;13070;10;;;;;13063.5;0.0
2;40700;ASH_COATED_OSMIUM;9992;14;9989;27;;;10008;10;10012;25;;;10000.0;0.0
2;40700;INTARIAN_PEPPER_ROOT;13057;21;13055;15;;;13070;11;13073;18;;;13063.5;0.0
2;40800;ASH_COATED_OSMIUM;9993;12;9989;20;;;10009;10;10013;22;;;10000.5;0.0
2;40800;INTARIAN_PEPPER_ROOT;13057;11;13055;15;;;13070;9;13073;20;;;13064.0;0.0
2;40900;ASH_COATED_OSMIUM;9993;14;;;;;10010;13;10011;25;;;10000.5;0.0
2;40900;INTARIAN_PEPPER_ROOT;13058;9;13055;16;;;13071;17;13073;25;;;13064.0;0.0
2;41000;ASH_COATED_OSMIUM;9992;15;;;;;10008;12;10010;26;;;10000.0;0.0
2;41000;INTARIAN_PEPPER_ROOT;13057;9;13055;17;;;13066;8;13073;22;;;13064.0;0.0
2;41100;ASH_COATED_OSMIUM;9993;2;9996;25;;;10005;14;;;;;10000.5;0.0
2;41100;INTARIAN_PEPPER_ROOT;13058;7;13054;18;;;13066;12;13074;25;;;13064.0;0.0
2;41200;ASH_COATED_OSMIUM;9992;29;9990;12;;;10008;15;10012;29;;;10000.0;0.0
2;41200;INTARIAN_PEPPER_ROOT;13058;8;13054;9;;;13071;12;13073;16;;;13064.0;0.0
2;41300;ASH_COATED_OSMIUM;9992;13;9991;24;;;10010;12;;;;;10000.5;0.0
2;41300;INTARIAN_PEPPER_ROOT;13063;12;;;;;13071;10;;;;;13064.5;0.0
2;41400;ASH_COATED_OSMIUM;9996;13;9991;30;;;10006;12;;;;;10000.5;0.0
2;41400;INTARIAN_PEPPER_ROOT;13059;11;13054;25;;;13073;11;13073;22;;;13064.5;0.0
2;41500;ASH_COATED_OSMIUM;9996;26;9989;29;;;10008;13;10012;23;;;10000.0;0.0
2;41500;INTARIAN_PEPPER_ROOT;13058;10;13057;18;;;13073;12;;;;;13064.5;0.0
2;41600;ASH_COATED_OSMIUM;9993;14;9991;28;;;10009;14;10012;20;;;10000.5;0.0
2;41600;INTARIAN_PEPPER_ROOT;13057;7;13056;18;;;13070;12;13076;21;;;13064.5;0.0
2;41700;ASH_COATED_OSMIUM;9992;12;9989;12;;;10010;12;10011;22;;;10000.0;0.0
2;41700;INTARIAN_PEPPER_ROOT;13059;10;13061;25;;;13071;10;;;;;13064.5;0.0
2;41800;ASH_COATED_OSMIUM;9991;24;;;;;10010;14;10010;28;;;10000.0;0.0
2;41800;INTARIAN_PEPPER_ROOT;13057;9;13056;25;;;13072;12;;;;;13065.0;0.0
2;41900;ASH_COATED_OSMIUM;9991;13;9990;25;;;10009;15;;;;;10000.5;0.0
2;41900;INTARIAN_PEPPER_ROOT;13059;2;;;;;13071;9;13073;17;;;13065.0;0.0
2;42000;ASH_COATED_OSMIUM;9991;2;;;;;10009;14;10010;27;;;10000.0;0.0
2;42000;INTARIAN_PEPPER_ROOT;13060;8;;;13054;15;13071;10;;;;;13065.0;0.0
2;42100;ASH_COATED_OSMIUM;9993;15;;;;;10010;4;;;;;10001.0;0.0
2;42100;INTARIAN_PEPPER_ROOT;13059;8;13058;15;;;13071;9;;;;;13065.0;0.0
2;42200;ASH_COATED_OSMIUM;9994;14;9992;12;;;10011;10;10013;28;;;10001.5;0.0
2;42200;INTARIAN_PEPPER_ROOT;13059;8;13058;24;;;13073;25;13075;17;;;13065.5;0.0
2;42300;ASH_COATED_OSMIUM;9992;20;;;;;10011;14;;;;;10001.0;0.0
2;42300;INTARIAN_PEPPER_ROOT;13060;12;;;;;13072;9;13075;23;;;13065.5;0.0
2;42400;ASH_COATED_OSMIUM;9992;29;;;;;10011;10;;;;;10001.5;0.0
2;42400;INTARIAN_PEPPER_ROOT;13056;19;13057;16;;;13072;10;13074;25;;;13065.5;0.0
2;42500;ASH_COATED_OSMIUM;9994;11;9992;23;;;10010;15;;;;;10001.5;0.0
2;42500;INTARIAN_PEPPER_ROOT;13057;10;13057;21;;;13074;12;13076;22;;;13065.5;0.0
2;42600;ASH_COATED_OSMIUM;9993;10;;;;;10010;26;10013;21;;;10001.0;0.0
2;42600;INTARIAN_PEPPER_ROOT;13059;10;;;;;13072;11;13074;23;;;13065.5;0.0
2;42700;ASH_COATED_OSMIUM;9991;13;;;;;10009;10;;;;;10000.5;0.0
2;42700;INTARIAN_PEPPER_ROOT;13059;20;13057;18;;;13073;9;13074;20;;;13066.0;0.0
2;42800;ASH_COATED_OSMIUM;9994;11;9990;26;;;10010;3;;;10017;24;10001.5;0.0
2;42800;INTARIAN_PEPPER_ROOT;13060;12;13056;19;;;13073;4;13078;19;;;13066.0;0.0
2;42900;ASH_COATED_OSMIUM;9994;12;;;;;10011;29;10013;28;;;10002.0;0.0
2;42900;INTARIAN_PEPPER_ROOT;13060;11;;;;;13073;9;13075;20;;;13066.0;0.0
2;43000;ASH_COATED_OSMIUM;9995;15;9993;30;;;10011;12;10013;30;;;10002.5;0.0
2;43000;INTARIAN_PEPPER_ROOT;13060;16;;;;;13073;11;;;;;13066.0;0.0
2;43100;ASH_COATED_OSMIUM;9994;30;9989;28;;;10011;14;;;;;10002.0;0.0
2;43100;INTARIAN_PEPPER_ROOT;13058;10;13057;18;13056;20;13072;9;;;;;13066.0;0.0
2;43200;ASH_COATED_OSMIUM;9997;14;9992;29;;;10010;28;;;;;10002.0;0.0
2;43200;INTARIAN_PEPPER_ROOT;13061;11;;;;;13075;23;13076;23;;;13066.5;0.0
2;43300;ASH_COATED_OSMIUM;9994;15;9992;25;;;10012;14;10013;29;;;10002.0;0.0
2;43300;INTARIAN_PEPPER_ROOT;13060;10;13057;21;;;13073;9;13077;20;;;13066.5;0.0
2;43400;ASH_COATED_OSMIUM;9993;14;9990;27;;;10010;15;10013;30;;;10002.0;0.0
2;43400;INTARIAN_PEPPER_ROOT;13060;9;13057;19;;;13073;12;13076;19;;;13066.5;0.0
2;43500;ASH_COATED_OSMIUM;9995;13;;;;;10011;30;;;;;10002.5;0.0
2;43500;INTARIAN_PEPPER_ROOT;13061;11;;;;;13077;9;13076;19;;;13066.5;0.0
2;43600;ASH_COATED_OSMIUM;9994;15;9997;28;;;10010;11;10014;30;;;10002.0;0.0
2;43600;INTARIAN_PEPPER_ROOT;13061;19;13057;23;;;13074;8;13076;21;;;13066.5;0.0
2;43700;ASH_COATED_OSMIUM;9994;11;;;;;10010;13;10013;22;;;10001.5;0.0
2;43700;INTARIAN_PEPPER_ROOT;13061;12;13056;23;;;13074;9;;;;;13067.0;0.0
2;43800;ASH_COATED_OSMIUM;9994;14;;;;;10012;22;;;;;10002.0;0.0
2;43800;INTARIAN_PEPPER_ROOT;13062;9;13059;16;;;13073;8;13078;19;;;13067.0;0.0
2;43900;ASH_COATED_OSMIUM;9994;13;9991;25;;;10010;15;10013;30;;;10002.0;0.0
2;43900;INTARIAN_PEPPER_ROOT;13061;8;13059;25;;;13074;10;13077;15;;;13067.0;0.0
2;44000;ASH_COATED_OSMIUM;9997;13;;;;;10010;24;10012;28;;;10001.5;0.0
2;44000;INTARIAN_PEPPER_ROOT;13060;8;13059;15;;;13075;12;13076;18;;;13067.0;0.0
2;44100;ASH_COATED_OSMIUM;9991;3;9991;23;;;10010;12;;;;;10001.5;0.0
2;44100;INTARIAN_PEPPER_ROOT;13060;9;13059;21;;;13076;12;13077;19;;;13067.5;0.0
2;44200;ASH_COATED_OSMIUM;9994;25;9997;15;;;10011;4;;;;;10001.5;0.0
2;44200;INTARIAN_PEPPER_ROOT;13061;10;13058;19;;;13075;21;;;;;13067.5;0.0
2;44300;ASH_COATED_OSMIUM;9992;11;9991;26;;;10011;2;10013;30;;;10001.5;0.0
2;44300;INTARIAN_PEPPER_ROOT;13061;21;13058;24;;;13074;12;;;;;13067.5;0.0
2;44400;ASH_COATED_OSMIUM;9994;28;;;;;10010;13;10012;27;10018;21;10002.0;0.0
2;44400;INTARIAN_PEPPER_ROOT;13062;19;;;;;13074;10;;;;;13067.5;0.0
2;44500;ASH_COATED_OSMIUM;9994;10;9991;21;;;10010;14;10014;28;;;10002.0;0.0
2;44500;INTARIAN_PEPPER_ROOT;13060;12;13059;22;;;13076;21;13077;20;;;13068.0;0.0
2;44600;ASH_COATED_OSMIUM;9994;13;9992;28;;;10010;30;;;;;10001.5;0.0
2;44600;INTARIAN_PEPPER_ROOT;13060;11;13059;23;;;13075;12;;;;;13068.0;0.0
2;44700;ASH_COATED_OSMIUM;9998;10;9992;24;;;10010;24;10012;24;;;10001.5;0.0
2;44700;INTARIAN_PEPPER_ROOT;13061;12;13059;19;;;13075;22;13078;16;;;13068.0;0.0
2;44800;ASH_COATED_OSMIUM;9994;12;9992;29;;;10010;12;10012;26;;;10001.5;0.0
2;44800;INTARIAN_PEPPER_ROOT;13062;10;13058;25;;;13075;10;13079;25;;;13068.0;0.0
2;44900;ASH_COATED_OSMIUM;9992;13;9991;30;;;10010;22;10013;20;;;10001.5;0.0
2;44900;INTARIAN_PEPPER_ROOT;13062;11;13057;23;;;13074;10;13078;15;;;13068.0;0.0
2;45000;ASH_COATED_OSMIUM;9999;12;;;;;10005;15;10013;30;;;10001.5;0.0
2;45000;INTARIAN_PEPPER_ROOT;13061;8;;;;;13074;12;13078;18;;;13068.5;0.0
2;45100;ASH_COATED_OSMIUM;9994;12;9991;26;;;10011;15;10012;27;;;10001.5;0.0
2;45100;INTARIAN_PEPPER_ROOT;13060;9;13059;17;;;13077;10;;;;;13068.5;0.0
2;45200;ASH_COATED_OSMIUM;9993;26;9990;22;;;10009;10;10011;24;;;10001.0;0.0
2;45200;INTARIAN_PEPPER_ROOT;13062;11;;;;;13075;8;13079;17;;;13068.5;0.0
2;45300;ASH_COATED_OSMIUM;9994;10;9991;20;;;10010;12;10013;28;;;10001.5;0.0
2;45300;INTARIAN_PEPPER_ROOT;13063;10;13060;23;;;13075;12;13078;15;;;13068.5;0.0
2;45400;ASH_COATED_OSMIUM;9992;10;;;;;10010;14;10012;13;;;10001.5;0.0
2;45400;INTARIAN_PEPPER_ROOT;13062;22;13059;20;;;13075;11;;;;;13069.0;0.0
2;45500;ASH_COATED_OSMIUM;9993;12;9991;20;;;10006;13;;;;;10001.0;0.0
2;45500;INTARIAN_PEPPER_ROOT;13063;15;13061;20;;;13075;11;13078;20;;;13069.0;0.0
2;45600;ASH_COATED_OSMIUM;9994;10;;;;;10010;23;10013;21;;;10001.5;0.0
2;45600;INTARIAN_PEPPER_ROOT;13063;9;13060;25;;;13071;12;13079;18;;;13069.0;0.0
2;45700;ASH_COATED_OSMIUM;9994;12;9991;26;;;10010;12;10013;28;;;10001.5;0.0
2;45700;INTARIAN_PEPPER_ROOT;13063;8;13061;25;;;13071;9;13078;25;;;13069.0;0.0
2;45800;ASH_COATED_OSMIUM;9996;12;9990;21;;;10010;11;10013;25;;;10001.0;0.0
2;45800;INTARIAN_PEPPER_ROOT;13063;16;;;;;13075;20;13079;19;;;13069.0;0.0
2;45900;ASH_COATED_OSMIUM;9994;30;9991;28;;;10010;12;10013;21;;;10001.5;0.0
2;45900;INTARIAN_PEPPER_ROOT;13061;22;13060;20;;;13076;10;13079;22;;;13069.5;0.0
2;46000;ASH_COATED_OSMIUM;9994;11;9992;28;;;10011;14;10013;30;;;10001.5;0.0
2;46000;INTARIAN_PEPPER_ROOT;13063;8;13060;19;;;13077;10;;;;;13069.5;0.0
2;46100;ASH_COATED_OSMIUM;9992;13;9992;28;;;10011;10;;;;;10001.5;0.0
2;46100;INTARIAN_PEPPER_ROOT;13063;8;;;;;13076;8;13079;22;;;13069.5;0.0
2;46200;ASH_COATED_OSMIUM;9992;20;9990;21;;;10009;27;;;;;10001.0;0.0
2;46200;INTARIAN_PEPPER_ROOT;13063;11;13061;20;;;13076;10;13079;16;;;13069.5;0.0
2;46300;ASH_COATED_OSMIUM;9993;13;;;;;10009;11;10013;24;;;10001.0;0.0
2;46300;INTARIAN_PEPPER_ROOT;13061;25;13061;20;;;13077;11;;;;;13070.0;0.0
2;46400;ASH_COATED_OSMIUM;9992;10;9990;29;;;10004;27;10011;23;;;10000.5;0.0
2;46400;INTARIAN_PEPPER_ROOT;13062;8;;;;;13077;8;13080;20;;;13070.0;0.0
2;46500;ASH_COATED_OSMIUM;9993;11;9990;28;;;10011;15;10012;21;10015;28;10001.0;0.0
2;46500;INTARIAN_PEPPER_ROOT;13065;8;13059;22;;;13076;11;13079;22;;;13070.0;0.0
2;46600;ASH_COATED_OSMIUM;9994;10;9991;27;;;10010;12;10013;20;;;10001.5;0.0
2;46600;INTARIAN_PEPPER_ROOT;13063;11;13061;21;;;13078;15;13081;23;;;13070.0;0.0
2;46700;ASH_COATED_OSMIUM;9994;26;9991;26;;;10010;13;10013;28;;;10001.5;0.0
2;46700;INTARIAN_PEPPER_ROOT;13063;8;;;;;13078;19;13079;20;;;13070.0;0.0
2;46800;ASH_COATED_OSMIUM;9997;14;;;;;10010;14;;;;;10001.5;0.0
2;46800;INTARIAN_PEPPER_ROOT;13065;3;13060;18;;;13077;22;;;;;13070.5;0.0
2;46900;ASH_COATED_OSMIUM;9994;15;;;;;10010;20;10013;29;;;10001.5;0.0
2;46900;INTARIAN_PEPPER_ROOT;13062;11;13061;23;;;13077;20;13083;24;;;13070.5;0.0
2;47000;ASH_COATED_OSMIUM;9994;13;9991;25;;;10010;27;;;;;10001.5;0.0
2;47000;INTARIAN_PEPPER_ROOT;13064;17;;;;;13073;9;13081;15;;;13070.5;0.0
2;47100;ASH_COATED_OSMIUM;9993;12;9992;28;;;10010;14;10012;30;;;10001.5;0.0
2;47100;INTARIAN_PEPPER_ROOT;13064;10;13062;25;;;13077;9;13079;15;;;13070.5;0.0
2;47200;ASH_COATED_OSMIUM;9994;21;9991;28;;;10011;15;;;;;10002.0;0.0
2;47200;INTARIAN_PEPPER_ROOT;13063;9;13061;19;;;13077;9;13079;22;;;13070.5;0.0
2;47300;ASH_COATED_OSMIUM;9994;13;9991;25;;;10010;10;;;;;10002.0;0.0
2;47300;INTARIAN_PEPPER_ROOT;13065;8;13062;17;;;13078;10;13081;16;;;13071.0;0.0
2;47400;ASH_COATED_OSMIUM;9992;15;9992;25;;;10010;11;10012;27;;;10001.5;0.0
2;47400;INTARIAN_PEPPER_ROOT;13065;8;13060;15;;;13078;11;13079;20;;;13071.0;0.0
2;47500;ASH_COATED_OSMIUM;9994;9;9991;26;;;10010;13;;;;;10002.0;0.0
2;47500;INTARIAN_PEPPER_ROOT;13064;8;13062;15;;;13077;5;13081;22;;;13071.0;0.0
2;47600;ASH_COATED_OSMIUM;9994;15;9992;23;;;10010;15;;;;;10001.5;0.0
2;47600;INTARIAN_PEPPER_ROOT;13066;22;13063;24;;;13078;12;13082;16;;;13071.0;0.0
2;47700;ASH_COATED_OSMIUM;9992;14;9992;27;;;10005;15;;;;;10001.5;0.0
2;47700;INTARIAN_PEPPER_ROOT;13064;9;;;;;13080;9;13075;25;;;13071.0;0.0
2;47800;ASH_COATED_OSMIUM;9993;14;9991;22;;;10009;27;10008;28;;;10000.5;0.0
2;47800;INTARIAN_PEPPER_ROOT;13063;9;13063;20;;;13078;8;;;;;13071.5;0.0
2;47900;ASH_COATED_OSMIUM;9993;10;;;;;10009;15;10011;10;;;10001.0;0.0
2;47900;INTARIAN_PEPPER_ROOT;13066;11;13062;25;;;13080;10;13080;20;;;13071.5;0.0
2;48000;ASH_COATED_OSMIUM;9993;10;9991;21;;;10009;12;;;;;10000.5;0.0
2;48000;INTARIAN_PEPPER_ROOT;13065;12;13063;16;;;13078;12;13081;24;;;13071.5;0.0
2;48100;ASH_COATED_OSMIUM;9994;14;9992;22;;;10010;26;10013;25;;;10001.5;0.0
2;48100;INTARIAN_PEPPER_ROOT;13066;11;;;;;13080;10;13082;22;;;13071.5;0.0
2;48200;ASH_COATED_OSMIUM;9994;27;;;;;10010;12;10012;29;;;10001.5;0.0
2;48200;INTARIAN_PEPPER_ROOT;13065;9;13060;25;;;13078;12;13082;20;;;13071.5;0.0
2;48300;ASH_COATED_OSMIUM;9993;12;;;;;10009;29;10012;26;;;10001.0;0.0
2;48300;INTARIAN_PEPPER_ROOT;13066;10;13063;18;;;13079;9;13081;16;;;13072.0;0.0
2;48400;ASH_COATED_OSMIUM;9993;13;9990;22;;;10009;10;10012;26;;;10001.0;0.0
2;48400;INTARIAN_PEPPER_ROOT;13066;10;;;;;13080;8;13082;24;;;13072.0;0.0
2;48500;ASH_COATED_OSMIUM;9994;14;9992;29;;;10012;15;;;;;10002.0;0.0
2;48500;INTARIAN_PEPPER_ROOT;13066;11;;;;;13074;11;13082;25;;;13072.0;0.0
2;48600;ASH_COATED_OSMIUM;9994;14;9992;28;;;10010;12;;;;;10002.0;0.0
2;48600;INTARIAN_PEPPER_ROOT;13065;10;;;;;13075;10;13080;20;;;13072.0;0.0
2;48700;ASH_COATED_OSMIUM;9993;15;9991;28;;;10010;10;10013;24;;;10002.0;0.0
2;48700;INTARIAN_PEPPER_ROOT;13067;19;13063;8;;;13078;8;;;;;13072.0;0.0
2;48800;ASH_COATED_OSMIUM;9994;11;9991;13;;;10010;12;10013;23;;;10001.5;0.0
2;48800;INTARIAN_PEPPER_ROOT;13067;8;13063;24;;;13074;11;13081;20;;;13072.5;0.0
2;48900;ASH_COATED_OSMIUM;9993;13;;;;;10010;14;10013;29;;;10002.0;0.0
2;48900;INTARIAN_PEPPER_ROOT;13067;10;13063;20;;;13081;8;;;;;13072.5;0.0
2;49000;ASH_COATED_OSMIUM;9992;10;9989;22;;;10012;13;10013;25;;;10001.5;0.0
2;49000;INTARIAN_PEPPER_ROOT;13066;8;;;;;13079;10;;;;;13072.5;0.0
2;49100;ASH_COATED_OSMIUM;9993;15;;;;;10011;15;10011;24;;;10001.0;0.0
2;49100;INTARIAN_PEPPER_ROOT;13067;19;13064;9;;;13079;12;;;;;13072.5;0.0
2;49200;ASH_COATED_OSMIUM;9992;10;;;;;10009;11;10012;22;;;10001.0;0.0
2;49200;INTARIAN_PEPPER_ROOT;13066;10;13064;16;;;13082;9;13082;20;;;13073.0;0.0
2;49300;ASH_COATED_OSMIUM;9998;13;;;;;10009;14;;;;;10000.5;0.0
2;49300;INTARIAN_PEPPER_ROOT;13067;8;13062;23;;;13079;20;13083;18;;;13073.0;0.0
2;49400;ASH_COATED_OSMIUM;9991;24;;;;;10010;13;10010;21;;;10000.0;0.0
2;49400;INTARIAN_PEPPER_ROOT;13066;11;13069;19;;;13080;11;;;;;13073.0;0.0
2;49500;ASH_COATED_OSMIUM;9992;11;9989;25;;;10005;12;10012;26;;;10000.0;0.0
2;49500;INTARIAN_PEPPER_ROOT;13067;10;13064;20;;;13079;22;;;;;13073.0;0.0
2;49600;ASH_COATED_OSMIUM;9991;12;9988;23;;;10008;15;10011;21;;;10000.0;0.0
2;49600;INTARIAN_PEPPER_ROOT;13071;16;;;;;13080;11;13082;25;;;13073.0;0.0
2;49700;ASH_COATED_OSMIUM;9992;12;9990;25;;;10004;11;10011;30;;;9999.5;0.0
2;49700;INTARIAN_PEPPER_ROOT;13067;9;13064;19;;;13080;8;13083;19;;;13073.5;0.0
2;49800;ASH_COATED_OSMIUM;9992;10;9989;20;9986;23;10009;15;10010;27;;;9999.5;0.0
2;49800;INTARIAN_PEPPER_ROOT;13067;11;13064;18;;;13081;12;;;;;13073.5;0.0
2;49900;ASH_COATED_OSMIUM;9992;13;;;;;10006;10;10010;26;;;10000.0;0.0
2;49900;INTARIAN_PEPPER_ROOT;13069;9;13064;20;;;13079;12;13082;16;;;13073.5;0.0
2;50000;ASH_COATED_OSMIUM;9992;13;9993;27;;;10008;13;10011;29;;;10000.0;0.0
2;50000;INTARIAN_PEPPER_ROOT;13066;22;13064;23;;;13080;17;13084;21;;;13073.5;0.0
2;50100;ASH_COATED_OSMIUM;9992;12;9985;22;;;10005;12;10010;21;;;10000.0;0.0
2;50100;INTARIAN_PEPPER_ROOT;13069;11;;;;;13082;9;13086;19;;;13074.0;0.0
2;50200;ASH_COATED_OSMIUM;9992;12;;;;;10008;13;10010;29;;;9999.5;0.0
2;50200;INTARIAN_PEPPER_ROOT;13068;11;13066;22;;;13083;9;13085;25;;;13074.0;0.0
2;50300;ASH_COATED_OSMIUM;9990;14;9990;23;;;10008;12;;;;;9999.5;0.0
2;50300;INTARIAN_PEPPER_ROOT;13069;22;;;;;13081;12;;;;;13074.0;0.0
2;50400;ASH_COATED_OSMIUM;9989;11;;;;;10008;13;10010;20;;;9999.5;0.0
2;50400;INTARIAN_PEPPER_ROOT;13068;9;;;;;13083;12;;;;;13074.0;0.0
2;50500;ASH_COATED_OSMIUM;9991;25;;;;;10007;12;10010;29;;;9999.0;0.0
2;50500;INTARIAN_PEPPER_ROOT;13066;11;13066;17;13063;24;13076;10;;;;;13074.0;0.0
2;50600;ASH_COATED_OSMIUM;9991;11;;;;;10008;22;;;;;9998.5;0.0
2;50600;INTARIAN_PEPPER_ROOT;13067;9;13063;24;;;13084;8;;;;;13074.5;0.0
2;50700;ASH_COATED_OSMIUM;9993;15;9989;26;;;10007;15;10010;11;;;9998.5;0.0
2;50700;INTARIAN_PEPPER_ROOT;13070;11;13066;18;;;13083;11;13082;22;;;13074.5;0.0
2;50800;ASH_COATED_OSMIUM;9991;12;9988;21;;;10004;15;10010;24;;;9999.0;0.0
2;50800;INTARIAN_PEPPER_ROOT;13068;24;;;;;13082;24;13084;21;;;13074.5;0.0
2;50900;ASH_COATED_OSMIUM;9991;13;9988;25;;;10007;24;10011;26;;;9999.0;0.0
2;50900;INTARIAN_PEPPER_ROOT;13068;11;13066;21;;;13081;11;13084;20;;;13074.5;0.0
2;51000;ASH_COATED_OSMIUM;9989;15;;;;;10008;15;10010;11;;;9998.5;0.0
2;51000;INTARIAN_PEPPER_ROOT;13070;8;13066;15;;;13082;9;13084;20;;;13075.0;0.0
2;51100;ASH_COATED_OSMIUM;9991;22;;;;;10007;30;10009;26;;;9999.0;0.0
2;51100;INTARIAN_PEPPER_ROOT;13069;11;13066;15;;;13081;12;;;;;13075.0;0.0
2;51200;ASH_COATED_OSMIUM;9991;15;9989;29;;;10007;10;10010;23;;;9999.0;0.0
2;51200;INTARIAN_PEPPER_ROOT;13069;9;13067;15;;;13081;8;13085;19;;;13075.0;0.0
2;51300;ASH_COATED_OSMIUM;9990;15;9988;20;;;10007;15;10010;26;;;9998.5;0.0
2;51300;INTARIAN_PEPPER_ROOT;13070;11;13066;19;;;13081;12;13085;21;;;13075.0;0.0
2;51400;ASH_COATED_OSMIUM;9991;11;;;;;10007;11;;;;;9998.5;0.0
2;51400;INTARIAN_PEPPER_ROOT;13069;12;;;;;13082;10;13087;18;;;13075.0;0.0
2;51500;ASH_COATED_OSMIUM;9991;14;9989;23;;;10008;28;10010;27;;;9999.0;0.0
2;51500;INTARIAN_PEPPER_ROOT;13069;8;;;;;13083;12;13086;17;13089;18;13075.5;0.0
2;51600;ASH_COATED_OSMIUM;9991;10;;;;;10007;14;;;;;9998.5;0.0
2;51600;INTARIAN_PEPPER_ROOT;13069;10;13067;23;;;13082;11;;;;;13075.5;0.0
2;51700;ASH_COATED_OSMIUM;9991;10;;;;;10007;14;;;;;9999.0;0.0
2;51700;INTARIAN_PEPPER_ROOT;13067;18;13066;16;;;13083;23;;;;;13075.5;0.0
2;51800;ASH_COATED_OSMIUM;9990;4;9989;27;;;10007;26;10009;27;;;9999.0;0.0
2;51800;INTARIAN_PEPPER_ROOT;13069;12;;;;;13083;8;13085;15;;;13075.5;0.0
2;51900;ASH_COATED_OSMIUM;9989;23;9989;22;;;10004;15;10010;24;;;9998.5;0.0
2;51900;INTARIAN_PEPPER_ROOT;13070;11;;;;;13083;23;13084;24;;;13076.0;0.0
2;52000;ASH_COATED_OSMIUM;9990;15;9988;25;;;10006;10;10009;27;;;9998.0;0.0
2;52000;INTARIAN_PEPPER_ROOT;13069;8;13067;22;;;13083;23;13086;19;;;13076.0;0.0
2;52100;ASH_COATED_OSMIUM;9990;30;;;;;10007;10;10010;20;;;9998.5;0.0
2;52100;INTARIAN_PEPPER_ROOT;13070;17;13067;19;;;13080;9;13086;17;;;13076.0;0.0
2;52200;ASH_COATED_OSMIUM;9992;15;;;;;10007;12;10010;12;;;9998.5;0.0
2;52200;INTARIAN_PEPPER_ROOT;13075;10;;;;;13083;10;13086;15;;;13076.0;0.0
2;52300;ASH_COATED_OSMIUM;9991;22;9988;24;;;10007;11;;;;;9999.0;0.0
2;52300;INTARIAN_PEPPER_ROOT;13070;12;;;;;13082;10;13086;19;;;13076.0;0.0
2;52400;ASH_COATED_OSMIUM;9989;12;;;;;10008;13;10010;22;;;9999.0;0.0
2;52400;INTARIAN_PEPPER_ROOT;13071;12;13067;18;;;13083;21;13088;16;;;13076.5;0.0
2;52500;ASH_COATED_OSMIUM;9991;13;;;;;10009;14;10010;24;;;9999.0;0.0
2;52500;INTARIAN_PEPPER_ROOT;13070;25;;;;;13083;23;;;;;13076.5;0.0
2;52600;ASH_COATED_OSMIUM;9991;14;9989;22;;;10007;14;10014;30;;;9999.0;0.0
2;52600;INTARIAN_PEPPER_ROOT;13070;10;13068;19;;;13083;9;13085;21;;;13076.5;0.0
2;52700;ASH_COATED_OSMIUM;9991;29;;;;;10007;15;;;;;9999.0;0.0
2;52700;INTARIAN_PEPPER_ROOT;13070;12;13067;20;;;13085;8;13081;19;;;13076.5;0.0
2;52800;ASH_COATED_OSMIUM;9991;13;9987;23;;;10007;13;;;;;9999.0;0.0
2;52800;INTARIAN_PEPPER_ROOT;13071;12;13068;15;;;13085;10;13084;17;;;13076.5;0.0
2;52900;ASH_COATED_OSMIUM;9991;15;9989;21;;;10009;15;10009;25;;;9999.0;0.0
2;52900;INTARIAN_PEPPER_ROOT;13071;22;;;;;13083;8;;;;;13077.0;0.0
2;53000;ASH_COATED_OSMIUM;9991;22;;;;;10007;28;10013;25;;;9999.0;0.0
2;53000;INTARIAN_PEPPER_ROOT;13072;9;;;;;13084;9;13086;19;;;13077.0;0.0
2;53100;ASH_COATED_OSMIUM;9990;14;;;9986;25;10007;11;10010;24;;;9999.0;0.0
2;53100;INTARIAN_PEPPER_ROOT;13072;3;;;;;13084;8;13087;17;;;13077.0;0.0
2;53200;ASH_COATED_OSMIUM;9989;28;9989;26;;;10007;10;10009;13;;;9998.5;0.0
2;53200;INTARIAN_PEPPER_ROOT;13071;10;;;;;13083;18;13088;24;;;13077.0;0.0
2;53300;ASH_COATED_OSMIUM;9990;15;9988;24;;;10006;12;10008;30;;;9998.0;0.0
2;53300;INTARIAN_PEPPER_ROOT;13072;8;;;;;13085;8;13086;18;;;13077.5;0.0
2;53400;ASH_COATED_OSMIUM;9990;30;;;;;10006;13;10010;29;;;9998.0;0.0
2;53400;INTARIAN_PEPPER_ROOT;13071;12;13069;20;;;13084;11;13087;16;;;13077.5;0.0
2;53500;ASH_COATED_OSMIUM;9989;13;9986;20;;;10006;14;10010;20;;;9998.0;0.0
2;53500;INTARIAN_PEPPER_ROOT;13071;8;13066;20;;;13084;11;13086;15;;;13077.5;0.0
2;53600;ASH_COATED_OSMIUM;9990;14;;;;;10007;15;10008;22;;;9998.0;0.0
2;53600;INTARIAN_PEPPER_ROOT;13071;8;13066;17;;;13085;10;13087;20;;;13077.5;0.0
2;53700;ASH_COATED_OSMIUM;9990;11;9988;20;;;10001;13;10009;23;;;9998.0;0.0
2;53700;INTARIAN_PEPPER_ROOT;13070;10;13066;23;13065;16;13084;10;13087;22;;;13077.5;0.0
2;53800;ASH_COATED_OSMIUM;9991;13;9988;29;;;10007;12;10010;25;;;9998.5;0.0
2;53800;INTARIAN_PEPPER_ROOT;13070;12;13074;18;;;13084;11;;;;;13078.0;0.0
2;53900;ASH_COATED_OSMIUM;9989;15;;;;;10008;14;;;;;9998.5;0.0
2;53900;INTARIAN_PEPPER_ROOT;13070;8;13069;18;;;13080;9;;;;;13078.0;0.0
2;54000;ASH_COATED_OSMIUM;9990;13;9989;24;;;10007;10;;;;;9999.0;0.0
2;54000;INTARIAN_PEPPER_ROOT;13071;11;13072;18;;;13085;11;13087;23;;;13078.0;0.0
2;54100;ASH_COATED_OSMIUM;9991;12;;;9986;20;10010;26;10010;29;;;9999.0;0.0
2;54100;INTARIAN_PEPPER_ROOT;13072;11;13068;24;;;13085;9;;;;;13078.0;0.0
2;54200;ASH_COATED_OSMIUM;9992;10;9990;22;;;10008;15;;;;;9999.5;0.0
2;54200;INTARIAN_PEPPER_ROOT;13073;11;13070;18;;;13089;11;13088;18;;;13078.5;0.0
2;54300;ASH_COATED_OSMIUM;9992;20;9988;22;;;10009;13;10010;27;;;10000.0;0.0
2;54300;INTARIAN_PEPPER_ROOT;13072;10;;;;;13085;8;13088;16;;;13078.5;0.0
2;54400;ASH_COATED_OSMIUM;9991;15;;;;;10011;13;;;;;10000.0;0.0
2;54400;INTARIAN_PEPPER_ROOT;13073;25;13069;25;;;13085;9;13088;20;;;13078.5;0.0
2;54500;ASH_COATED_OSMIUM;9993;10;;;;;10010;15;10012;27;;;10000.5;0.0
2;54500;INTARIAN_PEPPER_ROOT;13073;8;;;;;13085;8;;;;;13078.5;0.0
2;54600;ASH_COATED_OSMIUM;9992;12;9990;27;;;10008;14;;;;;9999.5;0.0
2;54600;INTARIAN_PEPPER_ROOT;13073;10;13070;25;;;13085;9;13087;18;;;13078.5;0.0
2;54700;ASH_COATED_OSMIUM;9992;12;;;;;10010;14;10010;25;;;10000.0;0.0
2;54700;INTARIAN_PEPPER_ROOT;13071;8;13072;23;;;13080;12;;;;;13079.0;0.0
2;54800;ASH_COATED_OSMIUM;9992;14;;;;;10008;15;10010;22;;;10000.0;0.0
2;54800;INTARIAN_PEPPER_ROOT;13071;9;13068;15;;;13086;11;13089;25;;;13079.0;0.0
2;54900;ASH_COATED_OSMIUM;9992;15;;;;;10009;12;10012;25;;;10000.5;0.0
2;54900;INTARIAN_PEPPER_ROOT;13073;9;13069;24;;;13086;9;13083;20;;;13079.0;0.0
2;55000;ASH_COATED_OSMIUM;9993;24;9991;24;;;10010;12;10012;27;;;10000.5;0.0
2;55000;INTARIAN_PEPPER_ROOT;13073;24;;;;;13086;8;;;;;13079.0;0.0
2;55100;ASH_COATED_OSMIUM;9993;15;9991;21;;;10009;11;10011;20;;;10001.0;0.0
2;55100;INTARIAN_PEPPER_ROOT;13073;11;;;;;13085;15;13089;24;;;13079.0;0.0
2;55200;ASH_COATED_OSMIUM;9994;14;9991;25;;;10010;14;10014;20;;;10002.0;0.0
2;55200;INTARIAN_PEPPER_ROOT;13074;8;13070;23;;;13085;10;;;;;13079.5;0.0
2;55300;ASH_COATED_OSMIUM;9993;21;9991;29;;;10009;12;;;;;10001.0;0.0
2;55300;INTARIAN_PEPPER_ROOT;13074;12;13070;15;;;13085;12;;;;;13079.5;0.0
2;55400;ASH_COATED_OSMIUM;9994;30;9992;22;;;10012;11;10013;26;;;10001.5;0.0
2;55400;INTARIAN_PEPPER_ROOT;13072;17;13069;21;;;13087;10;;;;;13079.5;0.0
2;55500;ASH_COATED_OSMIUM;9992;10;;;;;10010;14;10012;28;;;10001.5;0.0
2;55500;INTARIAN_PEPPER_ROOT;13073;10;13069;20;;;13085;12;13092;24;;;13079.5;0.0
2;55600;ASH_COATED_OSMIUM;9994;12;9991;27;;;10004;25;10012;28;;;10001.5;0.0
2;55600;INTARIAN_PEPPER_ROOT;13074;8;13071;25;;;13086;12;13090;21;;;13080.0;0.0
2;55700;ASH_COATED_OSMIUM;9994;10;9992;22;;;10010;11;10012;26;;;10001.5;0.0
2;55700;INTARIAN_PEPPER_ROOT;13073;12;;;;;13087;11;13088;8;;;13080.0;0.0
2;55800;ASH_COATED_OSMIUM;9992;25;9990;24;;;10010;10;;;;;10001.0;0.0
2;55800;INTARIAN_PEPPER_ROOT;13079;11;13070;23;;;13086;12;13089;17;;;13080.0;0.0
2;55900;ASH_COATED_OSMIUM;9993;11;;;;;10009;12;10012;25;;;10000.5;0.0
2;55900;INTARIAN_PEPPER_ROOT;13072;11;13071;16;;;13086;8;;;;;13080.0;0.0
2;56000;ASH_COATED_OSMIUM;9993;11;9990;27;9988;28;10009;12;10011;27;;;10001.0;0.0
2;56000;INTARIAN_PEPPER_ROOT;13075;10;13070;15;;;13087;8;13090;24;;;13080.0;0.0
2;56100;ASH_COATED_OSMIUM;9990;20;9990;29;;;10010;14;10011;23;;;10000.5;0.0
2;56100;INTARIAN_PEPPER_ROOT;13074;12;13070;15;;;13087;9;;;;;13080.5;0.0
2;56200;ASH_COATED_OSMIUM;9991;29;;;;;10009;14;;;;;10000.5;0.0
2;56200;INTARIAN_PEPPER_ROOT;13073;23;;;;;13087;11;13089;17;;;13080.5;0.0
2;56300;ASH_COATED_OSMIUM;9992;20;;;9987;24;10008;11;10011;21;;;10000.0;0.0
2;56300;INTARIAN_PEPPER_ROOT;13075;11;13071;18;;;13088;8;13090;20;;;13080.5;0.0
2;56400;ASH_COATED_OSMIUM;9992;27;9989;26;;;10009;14;;;;;9999.5;0.0
2;56400;INTARIAN_PEPPER_ROOT;13073;10;;;;;13087;10;13090;20;;;13080.5;0.0
2;56500;ASH_COATED_OSMIUM;9992;10;9988;20;;;10008;20;;;;;9999.5;0.0
2;56500;INTARIAN_PEPPER_ROOT;13075;12;;;;;13087;10;13091;24;;;13081.0;0.0
2;56600;ASH_COATED_OSMIUM;9991;15;9988;22;;;10009;13;10011;23;;;9999.0;0.0
2;56600;INTARIAN_PEPPER_ROOT;13074;7;;;;;13087;10;13093;16;;;13081.0;0.0
2;56700;ASH_COATED_OSMIUM;9990;14;9988;26;;;10008;25;10011;21;;;9999.0;0.0
2;56700;INTARIAN_PEPPER_ROOT;13075;24;13073;22;;;13087;12;;;;;13081.0;0.0
2;56800;ASH_COATED_OSMIUM;9991;28;;;;;10007;10;;;;;9998.5;0.0
2;56800;INTARIAN_PEPPER_ROOT;13075;12;13073;18;;;13087;8;;;;;13081.0;0.0
2;56900;ASH_COATED_OSMIUM;9991;14;;;;;10008;11;10010;30;;;9999.0;0.0
2;56900;INTARIAN_PEPPER_ROOT;13076;7;13073;20;;;13089;5;13092;23;;;13081.0;0.0
2;57000;ASH_COATED_OSMIUM;9991;13;9989;25;;;10007;21;10010;30;;;9999.0;0.0
2;57000;INTARIAN_PEPPER_ROOT;13074;8;;;;;13090;11;13091;18;;;13081.5;0.0
2;57100;ASH_COATED_OSMIUM;9992;11;9988;25;;;10009;10;10011;21;;;9999.5;0.0
2;57100;INTARIAN_PEPPER_ROOT;13076;11;;;;;13088;11;;;;;13081.5;0.0
2;57200;ASH_COATED_OSMIUM;9992;10;9988;22;;;10008;11;10011;28;10013;30;9999.5;0.0
2;57200;INTARIAN_PEPPER_ROOT;13074;10;13074;17;;;13087;9;13093;19;;;13081.5;0.0
2;57300;ASH_COATED_OSMIUM;9991;15;;;;;10008;11;10011;28;;;9999.5;0.0
2;57300;INTARIAN_PEPPER_ROOT;13073;9;13072;19;;;13089;12;;;;;13081.5;0.0
2;57400;ASH_COATED_OSMIUM;9991;30;9989;20;;;10009;11;10013;23;;;9999.0;0.0
2;57400;INTARIAN_PEPPER_ROOT;13076;8;13073;17;;;13090;11;13091;17;;;13081.5;0.0
2;57500;ASH_COATED_OSMIUM;9990;11;;;;;10008;13;10010;29;;;9999.5;0.0
2;57500;INTARIAN_PEPPER_ROOT;13076;16;;;;;13088;11;13094;22;;;13082.0;0.0
2;57600;ASH_COATED_OSMIUM;9991;15;9993;20;;;10008;15;10010;20;;;9999.5;0.0
2;57600;INTARIAN_PEPPER_ROOT;13076;9;;;;;13089;10;13092;21;;;13082.0;0.0
2;57700;ASH_COATED_OSMIUM;9990;12;9989;21;;;10009;30;;;;;9999.5;0.0
2;57700;INTARIAN_PEPPER_ROOT;13075;11;13070;16;;;13090;11;13092;22;;;13082.0;0.0
2;57800;ASH_COATED_OSMIUM;9991;10;;;;;10008;2;10012;10;;;9999.5;0.0
2;57800;INTARIAN_PEPPER_ROOT;13076;3;;;;;13088;8;;;;;13082.0;0.0
2;57900;ASH_COATED_OSMIUM;9992;13;9989;30;;;10008;14;10011;26;;;10000.0;0.0
2;57900;INTARIAN_PEPPER_ROOT;13075;15;13078;22;;;13089;8;13092;22;;;13082.0;0.0
2;58000;ASH_COATED_OSMIUM;9992;3;9990;30;;;10002;11;;;;;9999.5;0.0
2;58000;INTARIAN_PEPPER_ROOT;13075;9;13074;24;;;13090;9;13092;23;;;13082.5;0.0
2;58100;ASH_COATED_OSMIUM;9991;12;9990;30;;;10008;14;;;;;9999.5;0.0
2;58100;INTARIAN_PEPPER_ROOT;13076;11;13074;15;;;13088;15;13092;23;;;13082.5;0.0
2;58200;ASH_COATED_OSMIUM;9992;15;9989;25;;;10010;10;10010;23;;;10000.0;0.0
2;58200;INTARIAN_PEPPER_ROOT;13076;15;13071;22;;;13089;9;;;;;13082.5;0.0
2;58300;ASH_COATED_OSMIUM;9994;14;9989;26;;;10008;15;10011;25;;;10000.0;0.0
2;58300;INTARIAN_PEPPER_ROOT;13076;11;13073;21;;;13088;12;;;;;13082.5;0.0
2;58400;ASH_COATED_OSMIUM;9992;15;9990;25;;;10008;10;;;;;9999.5;0.0
2;58400;INTARIAN_PEPPER_ROOT;13077;9;13075;25;;;13090;12;13093;18;;;13083.0;0.0
2;58500;ASH_COATED_OSMIUM;9993;15;9990;14;;;10009;14;;;;;10000.5;0.0
2;58500;INTARIAN_PEPPER_ROOT;13077;9;13074;16;;;13091;11;;;;;13083.0;0.0
2;58600;ASH_COATED_OSMIUM;9993;13;9990;26;;;10010;13;10012;10;;;10000.5;0.0
2;58600;INTARIAN_PEPPER_ROOT;13077;9;13072;22;;;13091;8;;;;;13083.0;0.0
2;58700;ASH_COATED_OSMIUM;9992;11;9990;26;;;10008;14;;;;;10000.0;0.0
2;58700;INTARIAN_PEPPER_ROOT;13077;16;13073;25;;;13090;12;;;;;13083.0;0.0
2;58800;ASH_COATED_OSMIUM;9991;10;9991;25;;;10009;15;10012;21;;;10000.5;0.0
2;58800;INTARIAN_PEPPER_ROOT;13078;11;13074;15;;;13091;12;13093;20;;;13083.5;0.0
2;58900;ASH_COATED_OSMIUM;9992;10;9989;22;;;10009;14;10012;22;;;10000.0;0.0
2;58900;INTARIAN_PEPPER_ROOT;13077;9;13074;18;;;13091;12;;;;;13083.5;0.0
2;59000;ASH_COATED_OSMIUM;9992;12;9990;24;;;10008;11;10011;26;;;9999.5;0.0
2;59000;INTARIAN_PEPPER_ROOT;13082;11;13075;23;;;13092;9;13093;22;;;13083.5;0.0
2;59100;ASH_COATED_OSMIUM;9989;5;9992;20;;;10008;10;10010;23;;;9999.5;0.0
2;59100;INTARIAN_PEPPER_ROOT;13077;9;;;;;13092;12;13094;24;;;13083.5;0.0
2;59200;ASH_COATED_OSMIUM;9992;11;;;;;10008;11;10010;28;;;10000.0;0.0
2;59200;INTARIAN_PEPPER_ROOT;13078;9;13075;25;;;13085;11;;;;;13083.5;0.0
2;59300;ASH_COATED_OSMIUM;9990;10;9989;23;;;10008;15;10010;23;;;9999.5;0.0
2;59300;INTARIAN_PEPPER_ROOT;13079;10;13075;25;;;13094;15;13094;19;;;13084.0;0.0
2;59400;ASH_COATED_OSMIUM;9992;14;;;;;10008;12;10008;22;;;10000.0;0.0
2;59400;INTARIAN_PEPPER_ROOT;13077;10;13075;22;;;13091;12;13094;20;;;13084.0;0.0
2;59500;ASH_COATED_OSMIUM;9992;14;9988;28;;;10008;11;10011;21;;;9999.5;0.0
2;59500;INTARIAN_PEPPER_ROOT;13077;8;13075;24;;;13092;12;;;;;13084.0;0.0
2;59600;ASH_COATED_OSMIUM;9992;10;9989;29;;;10008;15;10011;22;;;10000.0;0.0
2;59600;INTARIAN_PEPPER_ROOT;13079;21;13075;21;;;13090;12;13094;24;;;13084.0;0.0
2;59700;ASH_COATED_OSMIUM;9991;10;;;;;10005;14;10011;27;;;9999.5;0.0
2;59700;INTARIAN_PEPPER_ROOT;13078;15;13073;25;;;13090;8;13095;20;;;13084.0;0.0
2;59800;ASH_COATED_OSMIUM;9992;11;9989;25;;;10008;26;10012;20;;;10000.0;0.0
2;59800;INTARIAN_PEPPER_ROOT;13077;8;13074;20;;;13091;9;13090;22;;;13084.5;0.0
2;59900;ASH_COATED_OSMIUM;9992;12;9989;23;;;10008;11;10010;28;;;10000.0;0.0
2;59900;INTARIAN_PEPPER_ROOT;13077;10;13075;21;;;13091;7;;;;;13084.5;0.0
2;60000;ASH_COATED_OSMIUM;9992;15;9988;22;;;10008;13;;;;;10000.0;0.0
2;60000;INTARIAN_PEPPER_ROOT;13077;9;;;;;13093;8;13089;22;;;13084.5;0.0
2;60100;ASH_COATED_OSMIUM;9993;11;;;;;10007;10;10012;20;;;10000.5;0.0
2;60100;INTARIAN_PEPPER_ROOT;13077;10;13076;20;;;13091;9;13095;15;;;13084.5;0.0
2;60200;ASH_COATED_OSMIUM;9995;14;9990;24;;;10010;11;10011;28;;;10000.5;0.0
2;60200;INTARIAN_PEPPER_ROOT;13080;9;13077;15;;;13091;8;13095;20;;;13085.0;0.0
2;60300;ASH_COATED_OSMIUM;9992;13;9989;22;;;10008;14;10010;20;;;10000.0;0.0
2;60300;INTARIAN_PEPPER_ROOT;13078;17;;;;;13091;9;;;;;13085.0;0.0
2;60400;ASH_COATED_OSMIUM;9995;13;9990;23;;;10008;14;;;;;9999.5;0.0
2;60400;INTARIAN_PEPPER_ROOT;13078;12;13074;22;;;13093;10;13096;16;;;13085.0;0.0
2;60500;ASH_COATED_OSMIUM;9993;10;;;;;10009;20;;;;;10000.5;0.0
2;60500;INTARIAN_PEPPER_ROOT;13079;11;;;;;13092;18;13094;17;;;13085.0;0.0
2;60600;ASH_COATED_OSMIUM;9996;11;;;;;10009;25;;;;;10000.5;0.0
2;60600;INTARIAN_PEPPER_ROOT;13080;7;13076;21;;;13094;11;13097;19;;;13085.5;0.0
2;60700;ASH_COATED_OSMIUM;9993;12;9990;26;;;10006;14;10011;24;;;10000.5;0.0
2;60700;INTARIAN_PEPPER_ROOT;13080;9;13077;24;;;13094;11;13094;18;;;13085.5;0.0
2;60800;ASH_COATED_OSMIUM;9997;12;;;;;10009;26;10012;25;;;10000.5;0.0
2;60800;INTARIAN_PEPPER_ROOT;13077;9;13077;17;;;13092;12;13096;20;;;13085.5;0.0
2;60900;ASH_COATED_OSMIUM;9992;11;9990;29;;;10009;12;10012;23;;;10000.5;0.0
2;60900;INTARIAN_PEPPER_ROOT;13078;8;;;;;13092;9;13095;25;;;13085.5;0.0
2;61000;ASH_COATED_OSMIUM;9994;15;9992;29;;;10010;20;10013;20;;;10001.5;0.0
2;61000;INTARIAN_PEPPER_ROOT;13078;11;13076;23;;;13092;19;13094;24;;;13085.5;0.0
2;61100;ASH_COATED_OSMIUM;9994;13;9991;14;;;10010;27;10013;20;;;10001.5;0.0
2;61100;INTARIAN_PEPPER_ROOT;13080;9;;;;;13094;11;13095;20;;;13086.0;0.0
2;61200;ASH_COATED_OSMIUM;9993;10;;;;;10010;12;10012;24;;;10001.5;0.0
2;61200;INTARIAN_PEPPER_ROOT;13078;10;13076;25;;;13093;9;13095;21;;;13086.0;0.0
2;61300;ASH_COATED_OSMIUM;9994;10;;;;;10011;29;10012;23;;;10001.5;0.0
2;61300;INTARIAN_PEPPER_ROOT;13079;9;13077;19;;;13094;12;13096;20;;;13086.0;0.0
2;61400;ASH_COATED_OSMIUM;9992;11;9990;29;;;10010;11;10012;22;;;10001.0;0.0
2;61400;INTARIAN_PEPPER_ROOT;13080;10;13076;19;;;13094;11;13094;22;;;13086.0;0.0
2;61500;ASH_COATED_OSMIUM;9991;12;;;;;10009;12;10012;27;;;10000.5;0.0
2;61500;INTARIAN_PEPPER_ROOT;13079;9;;;;;13092;12;;;;;13086.0;0.0
2;61600;ASH_COATED_OSMIUM;9992;13;;;;;10010;14;10011;11;;;10001.0;0.0
2;61600;INTARIAN_PEPPER_ROOT;13081;8;13078;21;;;13094;8;13097;18;;;13086.5;0.0
2;61700;ASH_COATED_OSMIUM;9993;14;9991;24;;;10009;14;10011;29;;;10000.5;0.0
2;61700;INTARIAN_PEPPER_ROOT;13080;12;13079;25;;;13094;24;;;;;13086.5;0.0
2;61800;ASH_COATED_OSMIUM;9993;13;9991;30;;;10009;23;;;;;10000.5;0.0
2;61800;INTARIAN_PEPPER_ROOT;13080;11;;;;;13092;11;;;;;13086.5;0.0
2;61900;ASH_COATED_OSMIUM;9995;15;;;;;10004;14;10011;28;10016;27;10000.0;0.0
2;61900;INTARIAN_PEPPER_ROOT;13079;11;13075;22;;;13093;11;13095;15;13100;17;13086.5;0.0
2;62000;ASH_COATED_OSMIUM;9991;14;;;;;10008;13;10008;26;;;10000.0;0.0
2;62000;INTARIAN_PEPPER_ROOT;13079;21;13077;17;;;13093;11;13095;22;;;13086.5;0.0
2;62100;ASH_COATED_OSMIUM;9993;10;9990;24;;;10009;22;10013;24;;;10001.0;0.0
2;62100;INTARIAN_PEPPER_ROOT;13080;11;;;;;13094;16;13096;18;;;13087.0;0.0
2;62200;ASH_COATED_OSMIUM;9994;10;9992;25;;;10010;13;10012;24;;;10001.5;0.0
2;62200;INTARIAN_PEPPER_ROOT;13081;10;;;;;13093;10;13097;17;;;13087.0;0.0
2;62300;ASH_COATED_OSMIUM;9993;12;9991;21;;;10010;14;10013;22;;;10001.5;0.0
2;62300;INTARIAN_PEPPER_ROOT;13081;12;;;;;13095;11;13097;25;;;13087.0;0.0
2;62400;ASH_COATED_OSMIUM;9991;15;9992;28;;;10011;12;10012;28;;;10001.5;0.0
2;62400;INTARIAN_PEPPER_ROOT;13079;11;;;;;13094;9;13099;15;;;13087.0;0.0
2;62500;ASH_COATED_OSMIUM;9994;11;9992;22;;;10011;7;10012;11;;;10001.5;0.0
2;62500;INTARIAN_PEPPER_ROOT;13082;12;;;;;13092;11;;;;;13087.5;0.0
2;62600;ASH_COATED_OSMIUM;9992;13;;;;;10009;12;10012;22;;;10001.0;0.0
2;62600;INTARIAN_PEPPER_ROOT;13080;10;;;;;13095;10;13097;16;;;13087.5;0.0
2;62700;ASH_COATED_OSMIUM;9993;2;;;;;10010;24;10013;23;;;10001.5;0.0
2;62700;INTARIAN_PEPPER_ROOT;13082;9;13079;16;;;13094;9;13097;18;;;13087.5;0.0
2;62800;ASH_COATED_OSMIUM;9992;11;;;;;10010;15;10013;26;;;10001.5;0.0
2;62800;INTARIAN_PEPPER_ROOT;13080;23;13079;20;;;13095;10;13097;20;;;13087.5;0.0
2;62900;ASH_COATED_OSMIUM;9994;10;9992;25;;;10010;24;10013;27;;;10001.5;0.0
2;62900;INTARIAN_PEPPER_ROOT;13081;8;13078;17;;;13094;8;13097;20;;;13087.5;0.0
2;63000;ASH_COATED_OSMIUM;9994;12;9991;22;;;10010;15;10012;20;10017;26;10001.5;0.0
2;63000;INTARIAN_PEPPER_ROOT;13081;12;13078;17;;;13095;11;13096;16;;;13088.0;0.0
2;63100;ASH_COATED_OSMIUM;9993;11;9992;25;;;10010;10;10013;25;;;10001.5;0.0
2;63100;INTARIAN_PEPPER_ROOT;13082;8;13079;23;;;13095;11;;;;;13088.0;0.0
2;63200;ASH_COATED_OSMIUM;9994;23;9991;21;;;10010;10;10016;27;;;10001.5;0.0
2;63200;INTARIAN_PEPPER_ROOT;13080;16;13078;16;;;13094;9;;;;;13088.0;0.0
2;63300;ASH_COATED_OSMIUM;9994;10;9992;25;;;10010;11;10013;23;;;10002.0;0.0
2;63300;INTARIAN_PEPPER_ROOT;13082;10;13078;15;;;13097;22;13096;21;;;13088.0;0.0
2;63400;ASH_COATED_OSMIUM;9994;26;9992;10;;;10010;13;;;;;10002.0;0.0
2;63400;INTARIAN_PEPPER_ROOT;13079;17;13079;20;;;13095;9;;;13099;23;13088.5;0.0
2;63500;ASH_COATED_OSMIUM;9994;10;9991;25;;;10012;22;;;;;10002.0;0.0
2;63500;INTARIAN_PEPPER_ROOT;13082;11;13081;22;;;13096;9;13099;16;;;13088.5;0.0
2;63600;ASH_COATED_OSMIUM;9994;13;9991;21;;;10007;14;;;;;10002.0;0.0
2;63600;INTARIAN_PEPPER_ROOT;13083;11;13079;15;;;13097;24;;;;;13088.5;0.0
2;63700;ASH_COATED_OSMIUM;9994;22;9992;27;;;10010;11;;;;;10001.5;0.0
2;63700;INTARIAN_PEPPER_ROOT;13081;16;13078;21;;;13097;12;13100;24;;;13088.5;0.0
2;63800;ASH_COATED_OSMIUM;9994;13;;;;;10011;9;;;;;10001.5;0.0
2;63800;INTARIAN_PEPPER_ROOT;13083;10;13077;15;;;13094;12;13097;22;;;13088.5;0.0
2;63900;ASH_COATED_OSMIUM;9999;10;9990;24;9988;29;10009;10;10011;25;;;10001.0;0.0
2;63900;INTARIAN_PEPPER_ROOT;13084;12;;;;;13096;10;13099;18;;;13089.0;0.0
2;64000;ASH_COATED_OSMIUM;9993;11;9991;30;;;10011;11;;;;;10001.5;0.0
2;64000;INTARIAN_PEPPER_ROOT;13081;11;;;;;13096;12;13098;18;;;13089.0;0.0
2;64100;ASH_COATED_OSMIUM;9993;10;9991;29;;;10009;10;;;;;10001.0;0.0
2;64100;INTARIAN_PEPPER_ROOT;13082;4;13080;18;;;13097;9;;;;;13089.0;0.0
2;64200;ASH_COATED_OSMIUM;9993;12;;;;;10009;12;10012;23;;;10000.5;0.0
2;64200;INTARIAN_PEPPER_ROOT;13084;9;13081;15;;;13095;10;13097;15;;;13089.0;0.0
2;64300;ASH_COATED_OSMIUM;9993;15;;;;;10010;4;;;;;10001.0;0.0
2;64300;INTARIAN_PEPPER_ROOT;13084;10;13080;16;;;13097;10;13098;19;;;13089.5;0.0
2;64400;ASH_COATED_OSMIUM;9994;15;9992;27;;;10010;15;10012;20;10015;22;10001.5;0.0
2;64400;INTARIAN_PEPPER_ROOT;13083;9;13080;22;;;13096;11;;;;;13089.5;0.0
2;64500;ASH_COATED_OSMIUM;9993;15;9990;28;;;10009;11;10012;28;;;10000.5;0.0
2;64500;INTARIAN_PEPPER_ROOT;13080;8;13082;16;;;13095;10;13098;20;;;13089.5;0.0
2;64600;ASH_COATED_OSMIUM;9993;10;;;;;10006;10;;;;;10000.5;0.0
2;64600;INTARIAN_PEPPER_ROOT;13084;10;13080;25;;;13096;9;13098;19;;;13089.5;0.0
2;64700;ASH_COATED_OSMIUM;9995;13;9991;20;;;10009;10;10011;28;;;10000.5;0.0
2;64700;INTARIAN_PEPPER_ROOT;13084;10;13080;20;;;13096;11;;;;;13089.5;0.0
2;64800;ASH_COATED_OSMIUM;9991;10;;;;;10009;12;10011;20;;;10000.5;0.0
2;64800;INTARIAN_PEPPER_ROOT;13085;12;;;;;13096;9;13098;22;;;13090.0;0.0
2;64900;ASH_COATED_OSMIUM;9992;12;;;;;10009;10;;;10015;22;10000.5;0.0
2;64900;INTARIAN_PEPPER_ROOT;13082;11;;;;;13096;9;13102;25;;;13090.0;0.0
2;65000;ASH_COATED_OSMIUM;9993;14;9990;23;;;10009;15;10011;26;;;10000.5;0.0
2;65000;INTARIAN_PEPPER_ROOT;13084;11;;;;;13098;8;13099;17;;;13090.0;0.0
2;65100;ASH_COATED_OSMIUM;9992;11;;;;;10009;14;10011;29;;;10001.0;0.0
2;65100;INTARIAN_PEPPER_ROOT;13084;11;;;;;13099;9;13101;25;;;13090.0;0.0
2;65200;ASH_COATED_OSMIUM;9993;14;9995;21;;;10009;13;10012;29;;;10000.5;0.0
2;65200;INTARIAN_PEPPER_ROOT;13085;11;13081;23;;;13097;10;13098;17;;;13090.5;0.0
2;65300;ASH_COATED_OSMIUM;9991;10;9989;24;;;10008;11;;;;;10000.0;0.0
2;65300;INTARIAN_PEPPER_ROOT;13083;11;13082;23;;;13097;12;13100;19;;;13090.5;0.0
2;65400;ASH_COATED_OSMIUM;9991;13;9989;30;9985;28;10009;13;;;;;10000.0;0.0
2;65400;INTARIAN_PEPPER_ROOT;13085;11;13081;18;;;13097;18;13101;22;;;13090.5;0.0
2;65500;ASH_COATED_OSMIUM;9990;10;9991;25;;;10009;14;10011;28;;;10000.5;0.0
2;65500;INTARIAN_PEPPER_ROOT;13085;22;;;;;13098;12;13100;24;;;13090.5;0.0
2;65600;ASH_COATED_OSMIUM;9993;15;;;;;10009;12;;;;;10000.5;0.0
2;65600;INTARIAN_PEPPER_ROOT;13084;18;13081;18;;;13099;8;13100;25;;;13090.5;0.0
2;65700;ASH_COATED_OSMIUM;9992;14;9989;23;;;10003;10;10011;21;;;10000.0;0.0
2;65700;INTARIAN_PEPPER_ROOT;13085;9;13081;22;;;13098;10;13100;19;;;13091.0;0.0
2;65800;ASH_COATED_OSMIUM;9992;15;;;;;10008;27;10011;25;;;10000.0;0.0
2;65800;INTARIAN_PEPPER_ROOT;13085;10;13083;19;;;13098;11;13099;18;;;13091.0;0.0
2;65900;ASH_COATED_OSMIUM;9991;27;9990;29;;;10008;25;;;;;10000.0;0.0
2;65900;INTARIAN_PEPPER_ROOT;13085;22;;;;;13101;8;;;;;13091.0;0.0
2;66000;ASH_COATED_OSMIUM;9992;13;9990;30;9984;23;10008;10;10012;30;;;10000.0;0.0
2;66000;INTARIAN_PEPPER_ROOT;13086;9;13081;19;;;13098;11;;;;;13091.0;0.0
2;66100;ASH_COATED_OSMIUM;9992;12;9988;30;;;10008;14;;;;;9999.5;0.0
2;66100;INTARIAN_PEPPER_ROOT;13085;11;13082;21;;;13098;20;;;;;13091.0;0.0
2;66200;ASH_COATED_OSMIUM;9991;10;9988;30;;;10008;14;10012;23;;;9999.5;0.0
2;66200;INTARIAN_PEPPER_ROOT;13086;8;13083;22;;;13099;8;13102;21;;;13091.5;0.0
2;66300;ASH_COATED_OSMIUM;9991;15;9989;25;;;10008;15;;;;;9999.5;0.0
2;66300;INTARIAN_PEPPER_ROOT;13086;23;13083;17;;;13093;8;;;;;13091.5;0.0
2;66400;ASH_COATED_OSMIUM;9992;13;9990;30;;;10008;28;;;;;9999.5;0.0
2;66400;INTARIAN_PEPPER_ROOT;13085;24;;;;;13100;10;;;;;13091.5;0.0
2;66500;ASH_COATED_OSMIUM;9992;12;9989;24;;;10005;15;10011;22;;;9999.5;0.0
2;66500;INTARIAN_PEPPER_ROOT;13091;12;13083;23;;;13098;16;13101;20;;;13091.5;0.0
2;66600;ASH_COATED_OSMIUM;9992;12;9990;20;;;10010;14;10010;24;;;10000.0;0.0
2;66600;INTARIAN_PEPPER_ROOT;13086;12;13083;19;;;13098;12;13102;23;;;13092.0;0.0
2;66700;ASH_COATED_OSMIUM;9992;14;;;;;10008;12;;;;;10000.0;0.0
2;66700;INTARIAN_PEPPER_ROOT;13086;10;13083;25;;;13098;8;;;;;13092.0;0.0
2;66800;ASH_COATED_OSMIUM;9993;25;;;;;10009;15;10011;20;;;10000.5;0.0
2;66800;INTARIAN_PEPPER_ROOT;13086;22;13082;15;;;13101;9;13101;19;;;13092.0;0.0
2;66900;ASH_COATED_OSMIUM;9990;15;9991;22;;;10009;5;10011;29;;;10000.5;0.0
2;66900;INTARIAN_PEPPER_ROOT;13086;12;;;;;13100;11;13101;25;;;13092.0;0.0
2;67000;ASH_COATED_OSMIUM;9998;12;9990;28;;;10009;12;10013;24;;;10001.0;0.0
2;67000;INTARIAN_PEPPER_ROOT;13086;12;;;;;13100;9;13101;23;;;13092.0;0.0
2;67100;ASH_COATED_OSMIUM;9992;11;9991;27;;;10010;15;10013;28;;;10001.0;0.0
2;67100;INTARIAN_PEPPER_ROOT;13087;20;13083;21;;;13101;12;13101;23;;;13092.5;0.0
2;67200;ASH_COATED_OSMIUM;9993;12;;;;;10009;13;10011;30;;;10001.0;0.0
2;67200;INTARIAN_PEPPER_ROOT;13085;10;13083;18;;;13099;10;;;;;13092.5;0.0
2;67300;ASH_COATED_OSMIUM;9993;11;;;;;10009;10;10011;30;;;10001.0;0.0
2;67300;INTARIAN_PEPPER_ROOT;13087;10;;;;;13101;10;13102;18;;;13092.5;0.0
2;67400;ASH_COATED_OSMIUM;9991;14;;;;;10009;11;10013;22;;;10000.5;0.0
2;67400;INTARIAN_PEPPER_ROOT;13086;10;13084;22;;;13101;9;13102;16;;;13092.5;0.0
2;67500;ASH_COATED_OSMIUM;9992;5;9991;26;;;10009;10;;;;;10001.0;0.0
2;67500;INTARIAN_PEPPER_ROOT;13086;11;13083;22;;;13100;15;;;;;13092.5;0.0
2;67600;ASH_COATED_OSMIUM;9991;13;9994;26;;;10010;30;10011;23;;;10000.5;0.0
2;67600;INTARIAN_PEPPER_ROOT;13085;11;13084;24;;;13099;12;13102;16;;;13093.0;0.0
2;67700;ASH_COATED_OSMIUM;9993;10;9990;22;;;10010;10;10013;21;;;10000.5;0.0
