day;timestamp;product;bid_price_1;bid_volume_1;bid_price_2;bid_volume_2;bid_price_3;bid_volume_3;ask_price_1;ask_volume_1;ask_price_2;ask_volume_2;ask_price_3;ask_volume_3;mid_price;profit_and_loss
1;0;ASH_COATED_OSMIUM;9992;11;9988;21;9986;27;10009;27;10010;20;;;10000.0;0.0
1;0;INTARIAN_PEPPER_ROOT;12996;11;12993;18;;;13010;9;13012;20;;;13002.5;0.0
1;100;ASH_COATED_OSMIUM;9992;22;;;;;10008;13;10010;30;;;10000.0;0.0
1;100;INTARIAN_PEPPER_ROOT;12995;11;12993;18;;;13010;10;;;;;13002.5;0.0
1;200;ASH_COATED_OSMIUM;9991;14;9989;29;;;10010;11;10012;23;;;10000.0;0.0
1;200;INTARIAN_PEPPER_ROOT;12997;9;12994;23;;;13011;9;13012;24;;;13002.5;0.0
1;300;ASH_COATED_OSMIUM;9991;11;9991;25;;;10009;15;10012;24;;;10000.5;0.0
1;300;INTARIAN_PEPPER_ROOT;12995;12;;;;;13008;4;13012;11;;;13002.0;0.0
1;400;ASH_COATED_OSMIUM;9996;13;9991;22;;;10009;22;;;;;10001.0;0.0
1;400;INTARIAN_PEPPER_ROOT;12996;24;12991;18;;;13008;12;13013;16;;;13002.0;0.0
1;500;ASH_COATED_OSMIUM;9993;14;;;;;10011;14;10011;29;;;10001.0;0.0
1;500;INTARIAN_PEPPER_ROOT;12997;8;12993;16;;;13009;8;13011;21;;;13002.0;0.0
1;600;ASH_COATED_OSMIUM;9992;13;;;;;10009;11;10012;26;;;10000.5;0.0
1;600;INTARIAN_PEPPER_ROOT;12996;8;;;;;13008;12;13012;18;;;13002.0;0.0
1;700;ASH_COATED_OSMIUM;9991;28;9991;20;;;10009;14;;;;;10000.5;0.0
1;700;INTARIAN_PEPPER_ROOT;12995;8;;;;;13004;10;;;;;13001.5;0.0
1;800;ASH_COATED_OSMIUM;9993;11;;;;;10009;13;10012;25;;;10000.5;0.0
1;800;INTARIAN_PEPPER_ROOT;12993;12;12992;11;;;13009;10;;;;;13001.5;0.0
1;900;ASH_COATED_OSMIUM;9996;9;9986;29;;;10010;15;10012;27;;;10000.5;0.0
1;900;INTARIAN_PEPPER_ROOT;12995;10;12992;23;;;13008;9;13011;15;;;13001.5;0.0
1;1000;ASH_COATED_OSMIUM;9992;12;9987;21;;;10008;2;10011;21;;;10000.0;0.0
1;1000;INTARIAN_PEPPER_ROOT;12993;12;12993;16;;;13008;12;;;13014;17;13001.5;0.0
1;1100;ASH_COATED_OSMIUM;9996;14;9990;29;;;10008;23;;;;;9999.5;0.0
1;1100;INTARIAN_PEPPER_ROOT;12993;8;;;;;13009;8;13010;24;;;13001.5;0.0
1;1200;ASH_COATED_OSMIUM;9992;14;9989;28;;;10005;11;;;;;10000.0;0.0
1;1200;INTARIAN_PEPPER_ROOT;12993;8;12991;18;;;13008;20;13011;16;;;13001.0;0.0
1;1300;ASH_COATED_OSMIUM;9993;13;;;;;10009;27;;;;;10000.5;0.0
1;1300;INTARIAN_PEPPER_ROOT;12995;8;12993;18;;;13010;17;13011;16;;;13001.0;0.0
1;1400;ASH_COATED_OSMIUM;9993;27;;;;;10010;15;10012;20;;;10000.5;0.0
1;1400;INTARIAN_PEPPER_ROOT;12995;10;;;;;13003;12;;;;;13001.0;0.0
1;1500;ASH_COATED_OSMIUM;9993;4;;;;;10009;15;;;;;10000.5;0.0
1;1500;INTARIAN_PEPPER_ROOT;12995;15;;;;;13007;12;13014;15;;;13001.0;0.0
1;1600;ASH_COATED_OSMIUM;9993;13;9991;11;;;10010;15;;;;;10000.5;0.0
1;1600;INTARIAN_PEPPER_ROOT;12994;10;12992;24;;;13007;9;;;;;13001.0;0.0
1;1700;ASH_COATED_OSMIUM;9992;12;9991;22;;;10009;25;10007;25;;;10000.5;0.0
1;1700;INTARIAN_PEPPER_ROOT;12995;12;12991;12;;;13008;11;13010;25;;;13000.5;0.0
1;1800;ASH_COATED_OSMIUM;9991;11;;;;;10010;24;;;;;10000.5;0.0
1;1800;INTARIAN_PEPPER_ROOT;12995;21;;;;;13006;10;13010;22;;;13000.5;0.0
1;1900;ASH_COATED_OSMIUM;9992;11;9990;29;;;10008;11;10011;22;;;9999.5;0.0
1;1900;INTARIAN_PEPPER_ROOT;12993;11;12989;15;;;13007;12;13010;20;;;13000.5;0.0
1;2000;ASH_COATED_OSMIUM;9990;14;;;;;10010;12;10011;28;;;10000.0;0.0
1;2000;INTARIAN_PEPPER_ROOT;12994;23;12991;18;;;13008;12;13008;22;;;13000.5;0.0
1;2100;ASH_COATED_OSMIUM;9992;11;9990;28;;;10005;15;10011;26;;;10000.0;0.0
1;2100;INTARIAN_PEPPER_ROOT;12994;10;12992;21;;;13007;12;;;;;13000.0;0.0
1;2200;ASH_COATED_OSMIUM;9991;14;;;;;10009;14;10012;28;;;10000.5;0.0
1;2200;INTARIAN_PEPPER_ROOT;12994;10;;;;;13006;12;;;;;13000.0;0.0
1;2300;ASH_COATED_OSMIUM;9998;5;9991;23;;;10009;26;10011;20;;;10000.5;0.0
1;2300;INTARIAN_PEPPER_ROOT;12994;21;12992;23;;;13007;9;13011;20;;;13000.0;0.0
1;2400;ASH_COATED_OSMIUM;9993;15;9990;25;;;10009;5;10011;29;;;10001.0;0.0
1;2400;INTARIAN_PEPPER_ROOT;12992;11;12991;18;;;13007;16;13009;21;;;13000.0;0.0
1;2500;ASH_COATED_OSMIUM;9992;11;9989;27;;;10009;14;10012;23;;;10000.5;0.0
1;2500;INTARIAN_PEPPER_ROOT;12994;9;12992;9;;;13006;11;13009;19;;;13000.0;0.0
1;2600;ASH_COATED_OSMIUM;9993;15;9988;29;;;10009;11;10012;28;;;10000.5;0.0
1;2600;INTARIAN_PEPPER_ROOT;12993;12;12990;25;;;13006;5;;;;;12999.5;0.0
1;2700;ASH_COATED_OSMIUM;9992;12;9990;28;;;10009;29;10012;30;;;10001.0;0.0
1;2700;INTARIAN_PEPPER_ROOT;12993;11;12990;23;;;13002;9;13009;20;;;12999.5;0.0
1;2800;ASH_COATED_OSMIUM;9994;11;9992;30;;;10010;10;;;;;10001.5;0.0
1;2800;INTARIAN_PEPPER_ROOT;12994;9;12990;16;;;13005;12;13008;17;;;12999.5;0.0
1;2900;ASH_COATED_OSMIUM;9993;13;;;;;10009;10;10012;28;;;10001.0;0.0
1;2900;INTARIAN_PEPPER_ROOT;12993;10;12991;18;;;13007;15;;;;;12999.5;0.0
1;3000;ASH_COATED_OSMIUM;9992;14;;;;;10009;13;10006;30;;;10000.0;0.0
1;3000;INTARIAN_PEPPER_ROOT;12993;8;12989;23;;;13007;10;13010;24;;;12999.0;0.0
1;3100;ASH_COATED_OSMIUM;9992;26;;;9984;22;10008;15;10012;22;;;10000.0;0.0
1;3100;INTARIAN_PEPPER_ROOT;12992;9;12990;23;;;13007;12;13009;21;;;12999.0;0.0
1;3200;ASH_COATED_OSMIUM;9992;2;;;;;10010;10;10010;24;;;10000.0;0.0
1;3200;INTARIAN_PEPPER_ROOT;12993;10;12988;22;;;13007;11;13007;18;;;12999.0;0.0
1;3300;ASH_COATED_OSMIUM;9992;12;9989;24;;;10009;13;10010;29;;;10000.0;0.0
1;3300;INTARIAN_PEPPER_ROOT;12993;8;12989;20;;;13006;10;;;;;12999.0;0.0
1;3400;ASH_COATED_OSMIUM;9991;15;9995;24;;;10008;15;10011;20;;;10000.0;0.0
1;3400;INTARIAN_PEPPER_ROOT;12993;9;12990;20;;;13006;8;13009;19;;;12999.0;0.0
1;3500;ASH_COATED_OSMIUM;9993;13;9991;24;;;10009;15;10012;20;;;10000.5;0.0
1;3500;INTARIAN_PEPPER_ROOT;12992;12;12989;24;;;13005;12;;;;;12998.5;0.0
1;3600;ASH_COATED_OSMIUM;9998;14;9990;30;;;10009;20;10012;28;;;10000.5;0.0
1;3600;INTARIAN_PEPPER_ROOT;12993;11;12990;18;;;13006;8;13010;10;;;12998.5;0.0
1;3700;ASH_COATED_OSMIUM;9991;9;9989;23;;;10009;14;;;;;10000.0;0.0
1;3700;INTARIAN_PEPPER_ROOT;12991;12;12989;15;;;13006;11;13009;25;;;12998.5;0.0
1;3800;ASH_COATED_OSMIUM;9991;11;9989;23;;;10009;13;10012;29;;;10000.0;0.0
1;3800;INTARIAN_PEPPER_ROOT;12992;12;12990;15;;;13006;11;13010;25;;;12998.5;0.0
1;3900;ASH_COATED_OSMIUM;9995;13;9990;24;;;10008;12;;;;;10000.0;0.0
1;3900;INTARIAN_PEPPER_ROOT;12993;11;12990;25;12986;17;13004;24;13008;24;;;12998.5;0.0
1;4000;ASH_COATED_OSMIUM;9992;10;9990;25;;;10009;10;;;10016;21;10000.0;0.0
1;4000;INTARIAN_PEPPER_ROOT;12990;8;;;;;13007;12;13007;21;;;12998.0;0.0
1;4100;ASH_COATED_OSMIUM;9989;11;9989;26;;;10007;15;;;;;9999.0;0.0
1;4100;INTARIAN_PEPPER_ROOT;12993;12;;;;;13005;8;;;;;12998.0;0.0
1;4200;ASH_COATED_OSMIUM;9992;15;;;;;10008;14;10011;21;;;9999.5;0.0
1;4200;INTARIAN_PEPPER_ROOT;12992;11;;;;;13004;9;;;;;12998.0;0.0
1;4300;ASH_COATED_OSMIUM;9992;11;9990;21;;;10008;14;10011;25;;;9999.5;0.0
1;4300;INTARIAN_PEPPER_ROOT;12992;12;12989;18;;;13005;9;;;;;12998.0;0.0
1;4400;ASH_COATED_OSMIUM;9991;12;9994;26;;;10007;15;10009;28;10016;25;9999.0;0.0
1;4400;INTARIAN_PEPPER_ROOT;12990;9;;;;;13003;9;;;;;12997.5;0.0
1;4500;ASH_COATED_OSMIUM;9992;12;;;;;10008;13;10012;30;;;9999.5;0.0
1;4500;INTARIAN_PEPPER_ROOT;12991;8;;;;;13004;10;13007;18;;;12997.5;0.0
1;4600;ASH_COATED_OSMIUM;9990;11;9988;29;;;10008;10;10011;30;;;9999.5;0.0
1;4600;INTARIAN_PEPPER_ROOT;12992;11;12988;23;;;13003;8;13008;24;;;12997.5;0.0
1;4700;ASH_COATED_OSMIUM;9996;14;9991;20;;;10009;14;10011;23;;;10000.5;0.0
1;4700;INTARIAN_PEPPER_ROOT;12991;23;12990;23;;;13004;9;13011;15;;;12997.5;0.0
1;4800;ASH_COATED_OSMIUM;9993;13;9991;24;;;10009;15;;;;;10000.5;0.0
1;4800;INTARIAN_PEPPER_ROOT;12991;8;12988;24;;;13004;10;;;;;12997.5;0.0
1;4900;ASH_COATED_OSMIUM;9992;10;9991;29;;;10009;11;10012;30;;;10000.5;0.0
1;4900;INTARIAN_PEPPER_ROOT;12990;8;;;;;13005;12;;;;;12997.0;0.0
1;5000;ASH_COATED_OSMIUM;9993;15;9990;25;;;10009;10;;;;;10001.0;0.0
1;5000;INTARIAN_PEPPER_ROOT;12990;12;;;;;13004;11;13007;16;;;12997.0;0.0
1;5100;ASH_COATED_OSMIUM;9993;15;9990;26;;;10011;15;10013;20;;;10001.0;0.0
1;5100;INTARIAN_PEPPER_ROOT;12991;8;12989;16;;;13003;9;13008;17;;;12997.0;0.0
1;5200;ASH_COATED_OSMIUM;9999;11;9991;29;;;10012;14;10012;22;;;10001.5;0.0
1;5200;INTARIAN_PEPPER_ROOT;12990;12;;;;;13004;10;13008;20;;;12997.0;0.0
1;5300;ASH_COATED_OSMIUM;9999;28;9991;28;;;10010;15;10012;10;;;10001.5;0.0
1;5300;INTARIAN_PEPPER_ROOT;12991;16;12987;24;;;13003;10;;;;;12996.5;0.0
1;5400;ASH_COATED_OSMIUM;9995;10;;;;;10006;4;;;;;10001.0;0.0
1;5400;INTARIAN_PEPPER_ROOT;12990;8;;;;;13005;11;13006;15;;;12996.5;0.0
1;5500;ASH_COATED_OSMIUM;9991;12;;;;;10008;21;;;;;10000.0;0.0
1;5500;INTARIAN_PEPPER_ROOT;12991;9;12987;21;;;12998;12;13005;21;;;12996.5;0.0
1;5600;ASH_COATED_OSMIUM;9992;24;;;;;10006;12;;;;;10001.0;0.0
1;5600;INTARIAN_PEPPER_ROOT;12987;10;;;;;13004;11;13007;23;;;12996.5;0.0
1;5700;ASH_COATED_OSMIUM;9992;4;;;;;10010;13;;;;;10001.0;0.0
1;5700;INTARIAN_PEPPER_ROOT;12991;8;;;;;13002;8;13005;17;;;12996.5;0.0
1;5800;ASH_COATED_OSMIUM;9990;11;;;;;10009;8;10011;24;;;10000.5;0.0
1;5800;INTARIAN_PEPPER_ROOT;12988;12;12986;21;;;13002;11;13006;18;;;12996.0;0.0
1;5900;ASH_COATED_OSMIUM;9991;23;;;;;10008;14;10011;30;10017;25;10000.0;0.0
1;5900;INTARIAN_PEPPER_ROOT;12989;8;12988;20;;;13002;9;;;;;12996.0;0.0
1;6000;ASH_COATED_OSMIUM;9992;12;9989;25;;;10008;11;;;;;10000.0;0.0
1;6000;INTARIAN_PEPPER_ROOT;12988;9;;;;;13003;12;13006;16;;;12996.0;0.0
1;6100;ASH_COATED_OSMIUM;9992;11;9990;26;;;10011;13;10010;26;;;10000.0;0.0
1;6100;INTARIAN_PEPPER_ROOT;12989;15;12985;20;;;13003;9;13005;24;;;12996.0;0.0
1;6200;ASH_COATED_OSMIUM;9995;15;9989;22;;;10009;10;;;;;10000.0;0.0
1;6200;INTARIAN_PEPPER_ROOT;12988;15;12987;25;;;13001;12;;;;;12995.5;0.0
1;6300;ASH_COATED_OSMIUM;9992;10;;;;;10008;12;;;;;10000.0;0.0
1;6300;INTARIAN_PEPPER_ROOT;12989;11;12987;23;;;13002;12;;;;;12995.5;0.0
1;6400;ASH_COATED_OSMIUM;9993;11;9990;28;;;10009;10;10008;27;;;10000.5;0.0
1;6400;INTARIAN_PEPPER_ROOT;12989;8;12986;18;;;13004;12;13006;15;;;12995.5;0.0
1;6500;ASH_COATED_OSMIUM;9993;14;;;;;10010;13;;;;;10000.5;0.0
1;6500;INTARIAN_PEPPER_ROOT;12988;11;12986;20;;;13004;9;;;;;12995.5;0.0
1;6600;ASH_COATED_OSMIUM;9992;10;;;;;10008;14;10011;10;;;10000.0;0.0
1;6600;INTARIAN_PEPPER_ROOT;12989;21;12987;15;;;13002;10;;;;;12995.5;0.0
1;6700;ASH_COATED_OSMIUM;9991;14;9989;25;;;10008;13;;;;;10000.0;0.0
1;6700;INTARIAN_PEPPER_ROOT;12988;11;12986;25;;;13004;12;13005;23;;;12995.0;0.0
1;6800;ASH_COATED_OSMIUM;9992;14;9989;26;;;10008;15;10011;28;;;10000.0;0.0
1;6800;INTARIAN_PEPPER_ROOT;12989;8;12991;25;;;13001;10;13005;22;;;12995.0;0.0
1;6900;ASH_COATED_OSMIUM;9992;10;9990;30;;;10009;27;10010;27;;;10000.0;0.0
1;6900;INTARIAN_PEPPER_ROOT;12987;22;12986;17;;;13003;10;13007;20;;;12995.0;0.0
1;7000;ASH_COATED_OSMIUM;9992;12;;;;;10008;28;10012;22;;;9999.5;0.0
1;7000;INTARIAN_PEPPER_ROOT;12990;12;12986;19;;;13002;15;13004;20;;;12995.0;0.0
1;7100;ASH_COATED_OSMIUM;9992;11;9990;30;;;10010;14;10010;25;;;10000.0;0.0
1;7100;INTARIAN_PEPPER_ROOT;12986;10;12985;19;;;13001;10;13004;18;;;12994.5;0.0
1;7200;ASH_COATED_OSMIUM;9991;28;9989;23;;;10008;11;10010;27;;;10000.0;0.0
1;7200;INTARIAN_PEPPER_ROOT;12988;12;12985;17;;;13001;10;13004;17;;;12994.5;0.0
1;7300;ASH_COATED_OSMIUM;9993;14;9991;10;;;10009;11;10012;23;;;10000.5;0.0
1;7300;INTARIAN_PEPPER_ROOT;12989;23;12985;20;;;13002;22;;;;;12994.5;0.0
1;7400;ASH_COATED_OSMIUM;9991;15;9990;24;;;10008;15;;;;;10000.0;0.0
1;7400;INTARIAN_PEPPER_ROOT;12988;11;12986;21;;;13001;11;13005;18;;;12994.5;0.0
1;7500;ASH_COATED_OSMIUM;9993;10;9995;21;;;10009;11;10012;28;;;10000.5;0.0
1;7500;INTARIAN_PEPPER_ROOT;12988;12;;;;;13001;15;13005;19;;;12994.5;0.0
1;7600;ASH_COATED_OSMIUM;9993;29;9991;26;;;10010;13;10012;26;;;10000.5;0.0
1;7600;INTARIAN_PEPPER_ROOT;12987;11;12986;25;;;13001;11;;;;;12994.0;0.0
1;7700;ASH_COATED_OSMIUM;9992;10;;;;;10008;29;;;;;10000.0;0.0
1;7700;INTARIAN_PEPPER_ROOT;12988;11;;;;;13002;22;13003;19;;;12994.0;0.0
1;7800;ASH_COATED_OSMIUM;9992;15;;;;;10010;11;10010;25;;;10000.0;0.0
1;7800;INTARIAN_PEPPER_ROOT;12987;8;;;;;13002;10;13003;16;;;12994.0;0.0
1;7900;ASH_COATED_OSMIUM;9993;15;9991;26;;;10009;11;;;;;10000.5;0.0
1;7900;INTARIAN_PEPPER_ROOT;12988;8;12984;19;;;13000;11;13003;22;;;12994.0;0.0
1;8000;ASH_COATED_OSMIUM;9993;11;9990;24;9988;26;10009;22;;;;;10001.0;0.0
1;8000;INTARIAN_PEPPER_ROOT;12988;12;12984;15;;;13000;9;13003;18;;;12993.5;0.0
1;8100;ASH_COATED_OSMIUM;9992;15;;;;;10009;12;;;;;10001.0;0.0
1;8100;INTARIAN_PEPPER_ROOT;12989;21;;;;;13002;9;;;;;12993.5;0.0
1;8200;ASH_COATED_OSMIUM;9993;11;9990;27;;;10010;29;;;;;10000.5;0.0
1;8200;INTARIAN_PEPPER_ROOT;12987;8;12986;18;;;13000;11;13002;22;;;12993.5;0.0
1;8300;ASH_COATED_OSMIUM;9991;11;9990;26;9987;22;10008;14;;;;;10000.0;0.0
1;8300;INTARIAN_PEPPER_ROOT;12988;8;12990;15;;;13001;11;13001;23;;;12993.5;0.0
1;8400;ASH_COATED_OSMIUM;9992;13;9990;23;;;10008;14;10010;30;;;9999.5;0.0
1;8400;INTARIAN_PEPPER_ROOT;12988;9;;;;;13002;9;13003;23;;;12993.5;0.0
1;8500;ASH_COATED_OSMIUM;9991;11;9989;27;;;10008;14;;;;;9999.0;0.0
1;8500;INTARIAN_PEPPER_ROOT;12987;12;12984;21;;;13000;9;13001;20;;;12993.0;0.0
1;8600;ASH_COATED_OSMIUM;9991;13;;;;;10009;14;10010;22;;;9999.0;0.0
1;8600;INTARIAN_PEPPER_ROOT;12988;10;12984;23;;;12999;8;;;;;12993.0;0.0
1;8700;ASH_COATED_OSMIUM;9990;13;;;;;10002;11;10010;26;;;9999.0;0.0
1;8700;INTARIAN_PEPPER_ROOT;12987;9;12985;20;;;12999;9;13003;25;;;12993.0;0.0
1;8800;ASH_COATED_OSMIUM;9991;10;9988;27;;;10007;13;10015;25;;;9999.0;0.0
1;8800;INTARIAN_PEPPER_ROOT;12988;10;12984;19;;;13001;10;12998;16;;;12993.0;0.0
1;8900;ASH_COATED_OSMIUM;9992;23;9989;20;;;10009;15;10010;23;;;9999.5;0.0
1;8900;INTARIAN_PEPPER_ROOT;12986;11;12980;15;;;12997;12;13002;24;;;12992.5;0.0
1;9000;ASH_COATED_OSMIUM;9991;14;;;;;10008;10;10012;25;;;10000.0;0.0
1;9000;INTARIAN_PEPPER_ROOT;12987;12;12984;23;;;13000;21;;;;;12992.5;0.0
1;9100;ASH_COATED_OSMIUM;9992;15;9989;25;;;10008;14;10011;26;10015;23;10000.0;0.0
1;9100;INTARIAN_PEPPER_ROOT;12984;11;;;;;12999;11;;;;;12992.5;0.0
1;9200;ASH_COATED_OSMIUM;9992;12;9989;27;;;10009;14;10011;20;;;9999.5;0.0
1;9200;INTARIAN_PEPPER_ROOT;12987;9;;;;;13001;12;;;;;12992.5;0.0
1;9300;ASH_COATED_OSMIUM;9992;14;9989;20;;;10008;11;10011;26;;;9999.5;0.0
1;9300;INTARIAN_PEPPER_ROOT;12986;10;;;;;12999;10;;;;;12992.5;0.0
1;9400;ASH_COATED_OSMIUM;9991;12;9989;22;;;10007;13;10009;30;;;9999.0;0.0
1;9400;INTARIAN_PEPPER_ROOT;12984;5;12984;21;;;12999;23;13004;25;;;12992.0;0.0
1;9500;ASH_COATED_OSMIUM;9991;25;;;;;10008;26;10011;30;;;9999.5;0.0
1;9500;INTARIAN_PEPPER_ROOT;12986;11;12982;19;;;12999;12;13002;25;;;12992.0;0.0
1;9600;ASH_COATED_OSMIUM;9992;3;9990;22;;;10008;12;10011;26;;;9999.5;0.0
1;9600;INTARIAN_PEPPER_ROOT;12985;12;12983;17;;;12999;9;;;13007;15;12992.0;0.0
1;9700;ASH_COATED_OSMIUM;9991;12;9989;20;;;10008;10;10011;22;;;10000.0;0.0
1;9700;INTARIAN_PEPPER_ROOT;12985;9;12981;24;;;12998;9;13002;16;;;12992.0;0.0
1;9800;ASH_COATED_OSMIUM;9997;15;9990;24;;;10008;10;10010;27;;;10000.0;0.0
1;9800;INTARIAN_PEPPER_ROOT;12986;10;12984;18;;;12999;10;13001;16;;;12992.0;0.0
1;9900;ASH_COATED_OSMIUM;9991;2;;;;;10008;22;;;;;10000.0;0.0
1;9900;INTARIAN_PEPPER_ROOT;12986;11;;;;;12998;9;;;;;12991.5;0.0
1;10000;ASH_COATED_OSMIUM;9993;10;9990;21;;;10006;23;10012;26;;;10000.5;0.0
1;10000;INTARIAN_PEPPER_ROOT;12986;4;12983;25;;;12999;10;13001;20;;;12991.5;0.0
1;10100;ASH_COATED_OSMIUM;9993;12;9991;24;;;10009;12;10012;23;;;10000.5;0.0
1;10100;INTARIAN_PEPPER_ROOT;12985;11;12979;15;;;12999;10;13002;15;;;12991.5;0.0
1;10200;ASH_COATED_OSMIUM;9992;12;;;;;10008;30;10011;29;;;9999.5;0.0
1;10200;INTARIAN_PEPPER_ROOT;12991;12;12982;24;;;12999;11;13000;19;;;12991.5;0.0
1;10300;ASH_COATED_OSMIUM;9992;14;9988;23;;;10008;14;;;;;9999.5;0.0
1;10300;INTARIAN_PEPPER_ROOT;12984;9;12983;19;;;12998;25;13001;21;13004;19;12991.5;0.0
1;10400;ASH_COATED_OSMIUM;9992;26;9990;30;;;10008;10;10011;25;;;9999.5;0.0
1;10400;INTARIAN_PEPPER_ROOT;12985;9;12981;20;;;12998;12;;;;;12991.0;0.0
1;10500;ASH_COATED_OSMIUM;9991;10;9989;20;;;10008;13;;;;;10000.0;0.0
1;10500;INTARIAN_PEPPER_ROOT;12984;10;12982;24;;;12999;8;13000;22;;;12991.0;0.0
1;10600;ASH_COATED_OSMIUM;9993;15;;;;;10009;11;;;;;10000.5;0.0
1;10600;INTARIAN_PEPPER_ROOT;12984;18;12984;18;;;12998;8;;;;;12991.0;0.0
1;10700;ASH_COATED_OSMIUM;9991;10;9988;28;;;10008;13;10010;27;;;10000.0;0.0
1;10700;INTARIAN_PEPPER_ROOT;12987;11;12982;17;12980;21;13000;8;13001;17;;;12991.0;0.0
1;10800;ASH_COATED_OSMIUM;9992;11;9989;26;;;10005;11;10011;27;;;10000.0;0.0
1;10800;INTARIAN_PEPPER_ROOT;12983;18;12982;16;;;12999;8;13000;17;;;12990.5;0.0
1;10900;ASH_COATED_OSMIUM;9993;11;9991;20;;;10010;14;10012;30;;;10000.5;0.0
1;10900;INTARIAN_PEPPER_ROOT;12984;9;;;;;12997;11;;;;;12990.5;0.0
1;11000;ASH_COATED_OSMIUM;9992;12;9989;22;;;10008;14;10010;20;;;10000.0;0.0
1;11000;INTARIAN_PEPPER_ROOT;12985;18;12981;24;;;12999;12;13000;20;;;12990.5;0.0
1;11100;ASH_COATED_OSMIUM;9992;12;9990;29;;;10010;14;10010;28;;;10000.0;0.0
1;11100;INTARIAN_PEPPER_ROOT;12984;10;12981;25;;;12997;10;;;;;12990.5;0.0
1;11200;ASH_COATED_OSMIUM;9991;12;9990;23;;;10009;13;;;;;10000.5;0.0
1;11200;INTARIAN_PEPPER_ROOT;12984;10;12982;15;;;12997;12;13000;22;;;12990.5;0.0
1;11300;ASH_COATED_OSMIUM;9993;10;9991;20;;;10009;13;;;;;10001.0;0.0
1;11300;INTARIAN_PEPPER_ROOT;12981;12;;;;;12998;21;12999;24;;;12990.0;0.0
1;11400;ASH_COATED_OSMIUM;9992;30;9991;21;;;10009;10;;;;;10001.0;0.0
1;11400;INTARIAN_PEPPER_ROOT;12983;11;12982;16;;;12997;12;13000;15;;;12990.0;0.0
1;11500;ASH_COATED_OSMIUM;9993;11;9989;27;;;10009;30;10015;20;;;10001.0;0.0
1;11500;INTARIAN_PEPPER_ROOT;12985;9;;;;;12997;12;12999;19;;;12990.0;0.0
1;11600;ASH_COATED_OSMIUM;9996;13;;;;;10010;15;10013;21;;;10001.5;0.0
1;11600;INTARIAN_PEPPER_ROOT;12983;8;;;;;12997;10;12999;23;;;12990.0;0.0
1;11700;ASH_COATED_OSMIUM;9998;12;9992;24;;;10011;10;10013;22;;;10001.5;0.0
1;11700;INTARIAN_PEPPER_ROOT;12982;11;12983;22;;;12997;12;12999;21;;;12990.0;0.0
1;11800;ASH_COATED_OSMIUM;9994;15;9992;22;9989;22;10010;11;10012;29;;;10001.5;0.0
1;11800;INTARIAN_PEPPER_ROOT;12984;10;12987;24;;;12998;10;;;;;12989.5;0.0
1;11900;ASH_COATED_OSMIUM;9996;4;9991;29;;;10010;11;10014;22;;;10002.0;0.0
1;11900;INTARIAN_PEPPER_ROOT;12984;9;;;;;12996;8;;;;;12989.5;0.0
1;12000;ASH_COATED_OSMIUM;9993;15;9991;25;;;10012;12;10013;24;;;10002.5;0.0
1;12000;INTARIAN_PEPPER_ROOT;12984;10;12981;15;;;12995;11;13000;18;;;12989.5;0.0
1;12100;ASH_COATED_OSMIUM;9994;22;;;;;10011;10;10010;13;;;10002.5;0.0
1;12100;INTARIAN_PEPPER_ROOT;12981;9;;;;;12992;12;13001;20;;;12989.5;0.0
1;12200;ASH_COATED_OSMIUM;9993;13;9993;20;;;10012;12;10013;25;;;10002.5;0.0
1;12200;INTARIAN_PEPPER_ROOT;12983;6;12981;21;;;12997;12;12999;17;;;12989.0;0.0
1;12300;ASH_COATED_OSMIUM;9995;12;;;;;10011;15;10009;29;;;10002.5;0.0
1;12300;INTARIAN_PEPPER_ROOT;12982;11;;;;;12996;8;;;;;12989.0;0.0
1;12400;ASH_COATED_OSMIUM;9994;10;9991;24;;;10010;12;10012;21;;;10002.0;0.0
1;12400;INTARIAN_PEPPER_ROOT;12982;11;12978;16;;;12996;10;12999;21;;;12989.0;0.0
1;12500;ASH_COATED_OSMIUM;9993;12;9992;23;;;10010;26;10014;26;;;10001.5;0.0
1;12500;INTARIAN_PEPPER_ROOT;12982;12;12979;24;;;12995;8;;;;;12989.0;0.0
1;12600;ASH_COATED_OSMIUM;9993;11;;;;;10010;14;10011;29;;;10001.0;0.0
1;12600;INTARIAN_PEPPER_ROOT;12983;3;12980;16;;;12997;9;13000;15;;;12989.0;0.0
1;12700;ASH_COATED_OSMIUM;9993;12;9990;29;;;10009;11;10013;27;;;10001.0;0.0
1;12700;INTARIAN_PEPPER_ROOT;12983;9;;;;;12996;10;12997;21;;;12988.5;0.0
1;12800;ASH_COATED_OSMIUM;9993;12;;;;;10009;15;10012;28;;;10001.0;0.0
1;12800;INTARIAN_PEPPER_ROOT;12982;12;12981;24;;;12995;17;12996;19;;;12988.5;0.0
1;12900;ASH_COATED_OSMIUM;9992;23;9990;30;;;10009;15;;;;;10000.5;0.0
1;12900;INTARIAN_PEPPER_ROOT;12985;8;12981;20;;;12994;8;12998;18;;;12988.5;0.0
1;13000;ASH_COATED_OSMIUM;9993;15;9990;25;;;10004;11;;;;;10000.5;0.0
1;13000;INTARIAN_PEPPER_ROOT;12985;9;12980;19;;;12997;11;;;;;12988.5;0.0
1;13100;ASH_COATED_OSMIUM;9993;12;;;;;10009;13;10011;24;;;10000.5;0.0
1;13100;INTARIAN_PEPPER_ROOT;12983;10;;;;;12994;10;12998;25;;;12988.0;0.0
1;13200;ASH_COATED_OSMIUM;9996;13;9989;23;;;10008;15;10015;23;;;10000.0;0.0
1;13200;INTARIAN_PEPPER_ROOT;12981;9;;;;;12996;11;;;;;12988.0;0.0
1;13300;ASH_COATED_OSMIUM;9992;13;9989;28;;;10003;15;;;;;10000.0;0.0
1;13300;INTARIAN_PEPPER_ROOT;12982;9;12978;9;;;12994;15;12997;15;;;12988.0;0.0
1;13400;ASH_COATED_OSMIUM;9995;11;9990;20;;;10008;10;10011;30;;;9999.5;0.0
1;13400;INTARIAN_PEPPER_ROOT;12982;8;12978;23;;;12995;19;12998;17;;;12988.0;0.0
1;13500;ASH_COATED_OSMIUM;9992;11;9990;24;;;10010;15;;;;;10000.0;0.0
1;13500;INTARIAN_PEPPER_ROOT;12983;11;12980;24;;;12996;9;13000;17;;;12988.0;0.0
1;13600;ASH_COATED_OSMIUM;9993;11;;;;;10009;12;;;;;10000.5;0.0
1;13600;INTARIAN_PEPPER_ROOT;12981;9;;;;;12994;11;12998;16;;;12987.5;0.0
1;13700;ASH_COATED_OSMIUM;9991;30;9990;24;;;10008;13;10011;22;;;10000.0;0.0
1;13700;INTARIAN_PEPPER_ROOT;12982;5;;;;;12994;11;12996;22;;;12987.5;0.0
1;13800;ASH_COATED_OSMIUM;9993;14;9991;20;;;10009;21;10011;27;;;10000.5;0.0
1;13800;INTARIAN_PEPPER_ROOT;12980;9;12979;23;;;12994;17;12997;16;;;12987.5;0.0
1;13900;ASH_COATED_OSMIUM;9993;25;9989;29;;;10010;10;;;;;10000.5;0.0
1;13900;INTARIAN_PEPPER_ROOT;12979;10;12980;24;;;12994;9;;;;;12987.5;0.0
1;14000;ASH_COATED_OSMIUM;9993;15;9990;21;;;10009;4;10012;28;;;10000.5;0.0
1;14000;INTARIAN_PEPPER_ROOT;12981;11;12977;18;;;12996;9;12997;22;;;12987.0;0.0
1;14100;ASH_COATED_OSMIUM;9993;3;9990;30;;;10011;15;10011;26;;;10001.0;0.0
1;14100;INTARIAN_PEPPER_ROOT;12981;9;12979;23;;;12994;10;12996;22;;;12987.0;0.0
1;14200;ASH_COATED_OSMIUM;9997;8;9989;23;;;10008;13;10010;29;;;10000.0;0.0
1;14200;INTARIAN_PEPPER_ROOT;12981;9;;;;;12994;11;;;;;12987.0;0.0
1;14300;ASH_COATED_OSMIUM;9991;12;9989;23;;;10010;13;10011;26;;;10000.0;0.0
1;14300;INTARIAN_PEPPER_ROOT;12980;12;;;;;12995;15;12997;18;;;12987.0;0.0
1;14400;ASH_COATED_OSMIUM;9990;11;9987;29;;;10010;14;;;;;10000.0;0.0
1;14400;INTARIAN_PEPPER_ROOT;12979;11;12977;21;;;12994;10;;;;;12987.0;0.0
1;14500;ASH_COATED_OSMIUM;9995;10;9988;23;;;10005;8;10011;25;;;10000.0;0.0
1;14500;INTARIAN_PEPPER_ROOT;12979;12;12978;24;;;12994;9;;;;;12986.5;0.0
1;14600;ASH_COATED_OSMIUM;9991;15;9989;21;;;10008;14;10011;23;;;10000.0;0.0
1;14600;INTARIAN_PEPPER_ROOT;12981;12;12977;17;;;12993;9;12997;23;;;12986.5;0.0
1;14700;ASH_COATED_OSMIUM;9992;12;9990;20;;;10008;15;10012;23;;;10000.0;0.0
1;14700;INTARIAN_PEPPER_ROOT;12980;11;12975;17;;;12993;12;13001;16;;;12986.5;0.0
1;14800;ASH_COATED_OSMIUM;9992;13;9988;25;;;10008;21;10010;26;;;9999.5;0.0
1;14800;INTARIAN_PEPPER_ROOT;12979;12;12978;15;;;12988;10;;;;;12986.5;0.0
1;14900;ASH_COATED_OSMIUM;9993;10;;;;;10009;22;10011;25;;;10000.5;0.0
1;14900;INTARIAN_PEPPER_ROOT;12979;9;;;;;12995;11;12998;20;;;12986.5;0.0
1;15000;ASH_COATED_OSMIUM;9996;14;;;;;10009;14;10012;30;;;10000.5;0.0
1;15000;INTARIAN_PEPPER_ROOT;12981;12;12976;15;;;12992;11;;;12997;24;12986.0;0.0
1;15100;ASH_COATED_OSMIUM;9993;15;9990;25;;;10009;12;10007;24;;;10000.5;0.0
1;15100;INTARIAN_PEPPER_ROOT;12979;12;12978;21;;;12993;9;12995;16;;;12986.0;0.0
1;15200;ASH_COATED_OSMIUM;9993;12;9989;22;;;10004;10;;;;;10000.5;0.0
1;15200;INTARIAN_PEPPER_ROOT;12980;11;12978;18;;;12993;20;12996;23;;;12986.0;0.0
1;15300;ASH_COATED_OSMIUM;9993;13;9991;29;;;10009;14;10012;29;;;10000.5;0.0
1;15300;INTARIAN_PEPPER_ROOT;12980;25;12979;16;;;12993;11;;;;;12986.0;0.0
1;15400;ASH_COATED_OSMIUM;9993;13;9990;21;;;10009;12;;;;;10001.0;0.0
1;15400;INTARIAN_PEPPER_ROOT;12979;8;12975;25;;;12993;9;12994;16;;;12985.5;0.0
1;15500;ASH_COATED_OSMIUM;9993;12;9989;23;;;10009;12;10011;23;;;10000.5;0.0
1;15500;INTARIAN_PEPPER_ROOT;12980;12;;;;;12992;8;12994;21;;;12985.5;0.0
1;15600;ASH_COATED_OSMIUM;9993;10;9990;27;;;10009;10;;;;;10000.5;0.0
1;15600;INTARIAN_PEPPER_ROOT;12984;8;12978;22;;;12991;9;;;;;12985.5;0.0
1;15700;ASH_COATED_OSMIUM;9992;3;;;;;10010;14;;;;;10000.5;0.0
1;15700;INTARIAN_PEPPER_ROOT;12985;10;12971;19;;;12993;10;;;;;12985.5;0.0
1;15800;ASH_COATED_OSMIUM;9992;12;;;;;10009;12;10011;22;;;10000.5;0.0
1;15800;INTARIAN_PEPPER_ROOT;12980;8;12981;21;;;12994;12;12995;21;;;12985.5;0.0
1;15900;ASH_COATED_OSMIUM;9992;13;9989;24;;;10010;11;10011;21;;;10000.0;0.0
1;15900;INTARIAN_PEPPER_ROOT;12978;8;12976;20;;;12993;11;12995;25;;;12985.0;0.0
1;16000;ASH_COATED_OSMIUM;9991;15;9990;28;;;10010;21;10011;21;;;10000.5;0.0
1;16000;INTARIAN_PEPPER_ROOT;12978;9;12976;22;;;12992;8;12995;19;;;12985.0;0.0
1;16100;ASH_COATED_OSMIUM;9991;10;9989;25;;;10010;15;;;;;10000.5;0.0
1;16100;INTARIAN_PEPPER_ROOT;12979;9;;;;;12992;8;12994;17;;;12985.0;0.0
1;16200;ASH_COATED_OSMIUM;9993;12;9994;26;;;10009;23;;;;;10000.5;0.0
1;16200;INTARIAN_PEPPER_ROOT;12978;9;;;;;12992;11;;;;;12985.0;0.0
1;16300;ASH_COATED_OSMIUM;9993;12;9990;29;;;10006;28;;;;;10000.5;0.0
1;16300;INTARIAN_PEPPER_ROOT;12977;9;12976;21;;;12991;11;12996;24;;;12985.0;0.0
1;16400;ASH_COATED_OSMIUM;9993;13;9991;23;;;10009;15;;;;;10001.0;0.0
1;16400;INTARIAN_PEPPER_ROOT;12978;12;12974;24;;;12991;24;12993;21;;;12984.5;0.0
1;16500;ASH_COATED_OSMIUM;9992;29;;;;;10008;28;;;;;10000.0;0.0
1;16500;INTARIAN_PEPPER_ROOT;12978;12;12975;21;;;12986;10;12996;21;;;12984.5;0.0
1;16600;ASH_COATED_OSMIUM;9992;13;;;;;10008;10;;;;;10000.0;0.0
1;16600;INTARIAN_PEPPER_ROOT;12978;11;12973;19;;;12990;10;12994;22;;;12984.5;0.0
1;16700;ASH_COATED_OSMIUM;9992;11;9990;23;;;10008;11;10010;30;;;10000.0;0.0
1;16700;INTARIAN_PEPPER_ROOT;12976;9;12976;25;;;12991;7;12993;21;;;12984.5;0.0
1;16800;ASH_COATED_OSMIUM;9992;12;;;;;10009;10;;;;;10000.0;0.0
1;16800;INTARIAN_PEPPER_ROOT;12978;12;;;;;12990;11;;;;;12984.0;0.0
1;16900;ASH_COATED_OSMIUM;9991;14;9990;20;;;10008;15;10012;30;;;10000.0;0.0
1;16900;INTARIAN_PEPPER_ROOT;12979;18;;;;;12991;9;12994;20;;;12984.0;0.0
1;17000;ASH_COATED_OSMIUM;9991;13;9989;22;;;10008;26;10012;22;;;10000.0;0.0
1;17000;INTARIAN_PEPPER_ROOT;12977;9;;;;;12990;9;12995;15;;;12984.0;0.0
1;17100;ASH_COATED_OSMIUM;9990;15;9990;26;;;10008;11;10011;29;;;9999.5;0.0
1;17100;INTARIAN_PEPPER_ROOT;12978;10;12974;18;;;12991;12;;;;;12984.0;0.0
1;17200;ASH_COATED_OSMIUM;9991;29;9987;25;;;10008;30;10009;28;;;9999.0;0.0
1;17200;INTARIAN_PEPPER_ROOT;12979;9;;;;;12991;12;12994;17;;;12984.0;0.0
1;17300;ASH_COATED_OSMIUM;9992;15;;;;;10008;22;10011;26;;;9999.5;0.0
1;17300;INTARIAN_PEPPER_ROOT;12976;8;12975;17;;;12992;8;12995;23;;;12983.5;0.0
1;17400;ASH_COATED_OSMIUM;9992;15;9988;29;;;10008;20;;;;;9999.5;0.0
1;17400;INTARIAN_PEPPER_ROOT;12977;10;12974;17;;;12990;10;;;;;12983.5;0.0
1;17500;ASH_COATED_OSMIUM;9991;13;9989;24;;;10007;10;10011;30;;;9999.0;0.0
1;17500;INTARIAN_PEPPER_ROOT;12978;9;12979;22;;;12990;9;12995;19;;;12983.5;0.0
1;17600;ASH_COATED_OSMIUM;9990;14;;;;;10010;12;10012;26;;;10000.0;0.0
1;17600;INTARIAN_PEPPER_ROOT;12976;12;;;;;12991;12;;;;;12983.5;0.0
1;17700;ASH_COATED_OSMIUM;9991;12;9990;22;;;10008;22;;;;;10000.0;0.0
1;17700;INTARIAN_PEPPER_ROOT;12976;8;12974;21;;;12989;20;12993;15;;;12983.0;0.0
1;17800;ASH_COATED_OSMIUM;9992;11;9989;20;;;10008;12;10010;28;;;10000.0;0.0
1;17800;INTARIAN_PEPPER_ROOT;12977;9;12973;15;;;12989;8;12995;9;;;12983.0;0.0
1;17900;ASH_COATED_OSMIUM;9992;14;;;;;10008;4;10011;26;;;10000.0;0.0
1;17900;INTARIAN_PEPPER_ROOT;12976;12;12974;22;;;12992;17;;;;;12983.0;0.0
1;18000;ASH_COATED_OSMIUM;9992;13;9988;20;;;10008;21;;;;;9999.5;0.0
1;18000;INTARIAN_PEPPER_ROOT;12978;25;;;;;12989;12;12994;22;;;12983.0;0.0
1;18100;ASH_COATED_OSMIUM;9993;10;9990;22;;;10010;15;10012;23;;;10000.5;0.0
1;18100;INTARIAN_PEPPER_ROOT;12977;8;12975;23;;;12992;11;12995;22;;;12983.0;0.0
1;18200;ASH_COATED_OSMIUM;9992;11;;;;;10008;15;10011;25;;;10000.0;0.0
1;18200;INTARIAN_PEPPER_ROOT;12976;11;12973;23;;;12990;8;12992;23;;;12982.5;0.0
1;18300;ASH_COATED_OSMIUM;9992;11;9984;21;;;10009;10;10011;26;;;9999.5;0.0
1;18300;INTARIAN_PEPPER_ROOT;12976;12;;;;;12988;9;12991;24;;;12982.5;0.0
1;18400;ASH_COATED_OSMIUM;9993;13;9990;27;;;10009;13;10011;22;;;10000.5;0.0
1;18400;INTARIAN_PEPPER_ROOT;12976;10;;;;;12989;4;12993;19;;;12982.5;0.0
1;18500;ASH_COATED_OSMIUM;9992;10;9989;15;;;10008;11;10010;30;;;10000.0;0.0
1;18500;INTARIAN_PEPPER_ROOT;12976;8;12973;16;;;12990;18;12991;17;;;12982.5;0.0
1;18600;ASH_COATED_OSMIUM;9996;22;9989;23;;;10009;13;;;;;10000.0;0.0
1;18600;INTARIAN_PEPPER_ROOT;12974;9;;;;;12983;9;;;;;12982.0;0.0
1;18700;ASH_COATED_OSMIUM;9997;30;;;;;10008;11;10011;24;;;10000.0;0.0
1;18700;INTARIAN_PEPPER_ROOT;12977;12;12972;16;;;12990;11;12994;24;;;12982.0;0.0
1;18800;ASH_COATED_OSMIUM;9992;11;9990;24;;;10008;15;;;;;9999.5;0.0
1;18800;INTARIAN_PEPPER_ROOT;12975;12;;;;;12988;8;12991;15;;;12982.0;0.0
1;18900;ASH_COATED_OSMIUM;9991;4;9989;21;;;10009;11;10012;28;;;10000.5;0.0
1;18900;INTARIAN_PEPPER_ROOT;12977;11;12973;19;;;12986;8;;;;;12982.0;0.0
1;19000;ASH_COATED_OSMIUM;9998;11;9989;25;;;10009;11;10012;26;;;10000.5;0.0
1;19000;INTARIAN_PEPPER_ROOT;12977;11;;;;;12989;10;12991;18;;;12982.0;0.0
1;19100;ASH_COATED_OSMIUM;9993;12;;;;;10009;14;10011;26;;;10000.5;0.0
1;19100;INTARIAN_PEPPER_ROOT;12975;11;12971;24;;;12990;24;12989;24;;;12981.5;0.0
1;19200;ASH_COATED_OSMIUM;9993;29;9990;21;;;10009;13;10012;25;;;10000.5;0.0
1;19200;INTARIAN_PEPPER_ROOT;12975;9;12972;20;;;12987;9;;;;;12981.5;0.0
1;19300;ASH_COATED_OSMIUM;9993;26;9991;25;;;10009;15;10011;21;;;10000.5;0.0
1;19300;INTARIAN_PEPPER_ROOT;12974;11;;;;;12989;15;12991;18;;;12981.5;0.0
1;19400;ASH_COATED_OSMIUM;9993;4;;;;;10009;15;10011;24;;;10000.5;0.0
1;19400;INTARIAN_PEPPER_ROOT;12976;11;12973;17;;;12987;9;;;;;12981.5;0.0
1;19500;ASH_COATED_OSMIUM;9992;12;9990;28;;;10008;10;10011;29;;;10000.0;0.0
1;19500;INTARIAN_PEPPER_ROOT;12976;10;12972;15;;;12987;11;;;;;12981.0;0.0
1;19600;ASH_COATED_OSMIUM;9993;13;9991;26;;;10009;10;10011;27;;;10000.5;0.0
1;19600;INTARIAN_PEPPER_ROOT;12973;17;;;;;12988;9;12990;16;;;12981.0;0.0
1;19700;ASH_COATED_OSMIUM;9993;12;9991;24;;;10009;11;10011;25;;;10000.5;0.0
1;19700;INTARIAN_PEPPER_ROOT;12975;10;12972;16;;;12988;15;;;;;12981.0;0.0
1;19800;ASH_COATED_OSMIUM;9993;13;9991;23;;;10011;11;10013;20;;;10001.0;0.0
1;19800;INTARIAN_PEPPER_ROOT;12975;8;12973;16;;;12988;16;12991;17;;;12981.0;0.0
1;19900;ASH_COATED_OSMIUM;9993;25;9990;26;;;10010;13;10011;21;;;10000.5;0.0
1;19900;INTARIAN_PEPPER_ROOT;12973;12;;;;;12988;4;12990;16;;;12981.0;0.0
1;20000;ASH_COATED_OSMIUM;9992;10;;;;;10009;14;10011;29;;;10001.0;0.0
1;20000;INTARIAN_PEPPER_ROOT;12975;9;12972;23;;;12988;15;;;;;12980.5;0.0
1;20100;ASH_COATED_OSMIUM;9993;10;9990;25;;;10010;13;10012;11;;;10000.5;0.0
1;20100;INTARIAN_PEPPER_ROOT;12975;11;12971;16;;;12988;10;;;;;12980.5;0.0
1;20200;ASH_COATED_OSMIUM;9991;15;9991;29;;;10010;14;10012;22;;;10000.5;0.0
1;20200;INTARIAN_PEPPER_ROOT;12974;12;12969;22;;;12986;19;;;;;12980.5;0.0
1;20300;ASH_COATED_OSMIUM;9994;10;;;;;10009;12;;;;;10000.5;0.0
1;20300;INTARIAN_PEPPER_ROOT;12975;9;12971;23;;;12987;24;;;;;12980.5;0.0
1;20400;ASH_COATED_OSMIUM;9992;13;;;;;10005;10;10010;24;;;10000.0;0.0
1;20400;INTARIAN_PEPPER_ROOT;12973;11;12971;25;;;12987;11;12989;20;;;12980.5;0.0
1;20500;ASH_COATED_OSMIUM;9992;20;9990;28;;;10003;11;;;;;10000.0;0.0
1;20500;INTARIAN_PEPPER_ROOT;12974;9;;;;;12986;12;12990;16;;;12980.0;0.0
1;20600;ASH_COATED_OSMIUM;9995;12;;;9987;20;10008;27;10006;28;;;10000.0;0.0
1;20600;INTARIAN_PEPPER_ROOT;12974;12;12971;16;;;12988;8;;;;;12980.0;0.0
1;20700;ASH_COATED_OSMIUM;9991;10;9988;27;;;10009;10;;;;;10000.5;0.0
1;20700;INTARIAN_PEPPER_ROOT;12974;8;;;;;12986;10;12989;19;;;12980.0;0.0
1;20800;ASH_COATED_OSMIUM;9991;13;;;;;10007;27;10009;23;;;9999.0;0.0
1;20800;INTARIAN_PEPPER_ROOT;12972;18;12973;19;;;12987;10;12991;24;;;12980.0;0.0
1;20900;ASH_COATED_OSMIUM;9990;15;9989;24;;;10008;13;10010;25;;;9999.0;0.0
1;20900;INTARIAN_PEPPER_ROOT;12974;8;;;;;12986;12;;;;;12979.5;0.0
1;21000;ASH_COATED_OSMIUM;9991;10;;;;;10003;13;10010;20;;;9999.5;0.0
1;21000;INTARIAN_PEPPER_ROOT;12974;17;12972;24;;;12987;10;12989;21;;;12979.5;0.0
1;21100;ASH_COATED_OSMIUM;9991;13;9989;26;;;10008;11;10011;21;;;9999.5;0.0
1;21100;INTARIAN_PEPPER_ROOT;12973;12;12970;24;;;12987;8;12989;17;;;12979.5;0.0
1;21200;ASH_COATED_OSMIUM;9990;22;9990;20;;;10008;7;10011;21;;;9999.5;0.0
1;21200;INTARIAN_PEPPER_ROOT;12974;9;12970;15;;;12986;9;;;;;12979.5;0.0
1;21300;ASH_COATED_OSMIUM;9991;10;;;;;10008;11;10011;20;;;9999.5;0.0
1;21300;INTARIAN_PEPPER_ROOT;12973;8;12969;21;;;12986;8;;;;;12979.5;0.0
1;21400;ASH_COATED_OSMIUM;9990;11;9990;24;;;10008;28;10013;20;;;9999.5;0.0
1;21400;INTARIAN_PEPPER_ROOT;12972;9;;;;;12986;11;12987;25;;;12979.0;0.0
1;21500;ASH_COATED_OSMIUM;9991;11;;;;;10003;4;10009;25;;;9999.0;0.0
1;21500;INTARIAN_PEPPER_ROOT;12972;8;;;;;12985;11;12989;21;;;12979.0;0.0
1;21600;ASH_COATED_OSMIUM;9994;14;;;;;10008;23;;;;;10000.0;0.0
1;21600;INTARIAN_PEPPER_ROOT;12972;10;;;;;12985;12;12991;21;;;12979.0;0.0
1;21700;ASH_COATED_OSMIUM;9992;10;;;;;10008;26;;;;;9999.5;0.0
1;21700;INTARIAN_PEPPER_ROOT;12977;9;12971;23;;;12985;8;;;;;12979.0;0.0
1;21800;ASH_COATED_OSMIUM;9991;12;9989;25;;;10008;11;;;;;10000.0;0.0
1;21800;INTARIAN_PEPPER_ROOT;12972;8;12969;15;;;12986;9;12989;9;;;12978.5;0.0
1;21900;ASH_COATED_OSMIUM;9992;26;;;;;10008;10;;;;;10000.0;0.0
1;21900;INTARIAN_PEPPER_ROOT;12972;9;12971;17;;;12986;12;;;;;12978.5;0.0
1;22000;ASH_COATED_OSMIUM;9996;15;9989;20;;;10009;15;10012;21;;;10000.5;0.0
1;22000;INTARIAN_PEPPER_ROOT;12972;10;12970;21;;;12986;11;12989;17;;;12978.5;0.0
1;22100;ASH_COATED_OSMIUM;9992;12;9988;24;;;10008;13;10010;27;;;10000.0;0.0
1;22100;INTARIAN_PEPPER_ROOT;12971;8;12969;23;;;12986;12;;;;;12978.5;0.0
1;22200;ASH_COATED_OSMIUM;9991;25;;;;;10009;12;10012;25;;;10001.0;0.0
1;22200;INTARIAN_PEPPER_ROOT;12970;11;12970;15;;;12987;8;12987;24;;;12978.5;0.0
1;22300;ASH_COATED_OSMIUM;9992;10;9991;26;;;10007;10;10012;29;;;10000.5;0.0
1;22300;INTARIAN_PEPPER_ROOT;12973;8;;;;;12984;11;;;;;12978.0;0.0
1;22400;ASH_COATED_OSMIUM;9993;13;;;;;10009;13;10011;26;;;10000.5;0.0
1;22400;INTARIAN_PEPPER_ROOT;12968;8;12971;21;;;12980;9;12989;19;;;12978.0;0.0
1;22500;ASH_COATED_OSMIUM;9993;15;;;;;10009;15;;;;;10001.0;0.0
1;22500;INTARIAN_PEPPER_ROOT;12971;11;12969;18;12967;25;12985;10;12987;23;;;12978.0;0.0
1;22600;ASH_COATED_OSMIUM;9993;10;;;;;10011;11;10012;24;10014;28;10000.5;0.0
1;22600;INTARIAN_PEPPER_ROOT;12972;9;12967;16;;;12985;9;;;;;12978.0;0.0
1;22700;ASH_COATED_OSMIUM;9993;14;;;;;10009;15;10012;28;;;10000.5;0.0
1;22700;INTARIAN_PEPPER_ROOT;12970;8;12968;25;;;12986;21;12987;15;;;12977.5;0.0
1;22800;ASH_COATED_OSMIUM;9992;21;9989;25;;;10010;10;10010;28;;;10000.0;0.0
1;22800;INTARIAN_PEPPER_ROOT;12972;8;12968;15;;;12983;11;;;;;12977.5;0.0
1;22900;ASH_COATED_OSMIUM;9992;14;9989;30;;;10008;15;;;;;9999.5;0.0
1;22900;INTARIAN_PEPPER_ROOT;12972;10;12967;23;;;12985;22;12988;18;;;12977.5;0.0
1;23000;ASH_COATED_OSMIUM;9992;22;9989;21;;;10008;10;10010;30;;;10000.0;0.0
1;23000;INTARIAN_PEPPER_ROOT;12972;20;;;;;12986;8;12987;18;;;12977.5;0.0
1;23100;ASH_COATED_OSMIUM;9991;13;9989;26;;;10009;14;10011;23;;;10000.5;0.0
1;23100;INTARIAN_PEPPER_ROOT;12971;9;12969;24;;;12986;24;12987;15;;;12977.5;0.0
1;23200;ASH_COATED_OSMIUM;9992;10;9991;30;;;10009;10;;;;;10000.5;0.0
1;23200;INTARIAN_PEPPER_ROOT;12970;10;;;;;12984;17;;;;;12977.0;0.0
1;23300;ASH_COATED_OSMIUM;9993;30;9990;30;;;10009;11;10012;28;;;10000.5;0.0
1;23300;INTARIAN_PEPPER_ROOT;12976;12;12967;16;;;12983;25;12987;15;;;12977.0;0.0
1;23400;ASH_COATED_OSMIUM;9993;21;;;;;10009;12;10014;26;;;10000.5;0.0
1;23400;INTARIAN_PEPPER_ROOT;12971;12;12969;25;;;12984;12;12988;21;;;12977.0;0.0
1;23500;ASH_COATED_OSMIUM;9993;24;;;;;10010;12;10014;25;;;10000.5;0.0
1;23500;INTARIAN_PEPPER_ROOT;12976;11;;;;;12985;10;12986;23;;;12977.0;0.0
1;23600;ASH_COATED_OSMIUM;9994;22;;;;;10011;13;10013;26;;;10001.5;0.0
1;23600;INTARIAN_PEPPER_ROOT;12971;8;12966;16;;;12983;10;;;;;12976.5;0.0
1;23700;ASH_COATED_OSMIUM;9993;30;;;9989;22;10010;13;10010;10;;;10001.5;0.0
1;23700;INTARIAN_PEPPER_ROOT;12968;12;12968;24;;;12982;10;12988;15;;;12976.5;0.0
1;23800;ASH_COATED_OSMIUM;9993;13;9990;21;;;10010;3;10012;26;;;10000.5;0.0
1;23800;INTARIAN_PEPPER_ROOT;12969;11;12968;16;;;12983;10;;;;;12976.5;0.0
1;23900;ASH_COATED_OSMIUM;9993;11;9989;20;;;10009;14;;;;;10000.5;0.0
1;23900;INTARIAN_PEPPER_ROOT;12968;8;12966;22;;;12985;9;12986;19;;;12976.5;0.0
1;24000;ASH_COATED_OSMIUM;9993;12;9990;29;;;10009;6;10006;27;;;10000.5;0.0
1;24000;INTARIAN_PEPPER_ROOT;12971;12;12969;16;;;12983;17;12984;21;;;12976.5;0.0
1;24100;ASH_COATED_OSMIUM;9993;11;9990;28;;;10006;2;10011;21;;;10000.5;0.0
1;24100;INTARIAN_PEPPER_ROOT;12969;10;12967;19;;;12982;16;12986;19;;;12976.0;0.0
1;24200;ASH_COATED_OSMIUM;9993;24;;;;;10009;15;10012;25;;;10000.5;0.0
1;24200;INTARIAN_PEPPER_ROOT;12970;10;;;;;12983;10;12986;19;;;12976.0;0.0
1;24300;ASH_COATED_OSMIUM;9993;10;9986;21;;;10009;15;10012;20;;;10001.0;0.0
1;24300;INTARIAN_PEPPER_ROOT;12970;11;12967;21;;;12983;12;;;;;12976.0;0.0
1;24400;ASH_COATED_OSMIUM;9992;10;;;;;10009;15;10013;26;;;10000.5;0.0
1;24400;INTARIAN_PEPPER_ROOT;12970;9;12968;24;;;12983;10;;;;;12976.0;0.0
1;24500;ASH_COATED_OSMIUM;9992;13;9990;25;;;10009;10;10011;30;;;10000.5;0.0
1;24500;INTARIAN_PEPPER_ROOT;12970;12;12967;22;;;12983;10;;;;;12975.5;0.0
1;24600;ASH_COATED_OSMIUM;9992;12;;;;;10008;13;10011;27;;;9999.5;0.0
1;24600;INTARIAN_PEPPER_ROOT;12970;8;12965;19;;;12977;9;12984;23;;;12975.5;0.0
1;24700;ASH_COATED_OSMIUM;9992;15;9990;29;;;10004;11;;;;;9999.5;0.0
1;24700;INTARIAN_PEPPER_ROOT;12969;8;12968;21;;;12983;23;12984;22;;;12975.5;0.0
1;24800;ASH_COATED_OSMIUM;9991;12;9988;21;;;10007;15;;;;;9999.0;0.0
1;24800;INTARIAN_PEPPER_ROOT;12970;12;12967;20;;;12984;10;12986;22;;;12975.5;0.0
1;24900;ASH_COATED_OSMIUM;9992;12;9990;30;;;10009;11;;;;;9999.5;0.0
1;24900;INTARIAN_PEPPER_ROOT;12968;10;12967;22;;;12982;9;12985;16;;;12975.5;0.0
1;25000;ASH_COATED_OSMIUM;9992;12;9989;24;;;10008;12;;;10016;28;9999.5;0.0
1;25000;INTARIAN_PEPPER_ROOT;12969;8;12966;15;;;12981;8;;;;;12975.0;0.0
1;25100;ASH_COATED_OSMIUM;9991;21;9990;29;;;10009;11;10011;22;;;10000.0;0.0
1;25100;INTARIAN_PEPPER_ROOT;12969;8;;;;;12984;9;12984;18;;;12975.0;0.0
1;25200;ASH_COATED_OSMIUM;9992;21;9989;22;;;10003;15;10010;25;;;9999.5;0.0
1;25200;INTARIAN_PEPPER_ROOT;12967;10;12965;15;;;12982;11;12985;24;;;12975.0;0.0
1;25300;ASH_COATED_OSMIUM;9992;10;;;;;10008;10;10010;21;;;10000.0;0.0
1;25300;INTARIAN_PEPPER_ROOT;12968;10;12966;15;;;12982;9;;;;;12975.0;0.0
1;25400;ASH_COATED_OSMIUM;9990;12;9988;20;;;10004;30;10009;28;;;9999.0;0.0
1;25400;INTARIAN_PEPPER_ROOT;12969;21;12967;19;;;12981;10;;;;;12975.0;0.0
1;25500;ASH_COATED_OSMIUM;9991;12;9988;21;;;10007;14;;;;;9999.0;0.0
1;25500;INTARIAN_PEPPER_ROOT;12968;12;12965;10;;;12981;8;12983;20;;;12974.5;0.0
1;25600;ASH_COATED_OSMIUM;9991;10;9987;10;;;10007;12;;;;;9999.0;0.0
1;25600;INTARIAN_PEPPER_ROOT;12969;9;;;;;12981;8;12982;24;;;12974.5;0.0
1;25700;ASH_COATED_OSMIUM;9991;12;9988;22;;;10007;13;10010;23;;;9999.0;0.0
1;25700;INTARIAN_PEPPER_ROOT;12968;10;12965;18;;;12983;8;12986;24;;;12974.5;0.0
1;25800;ASH_COATED_OSMIUM;9992;15;9989;30;;;10008;11;10011;30;;;9999.5;0.0
1;25800;INTARIAN_PEPPER_ROOT;12968;10;12966;23;;;12982;10;12986;22;;;12974.5;0.0
1;25900;ASH_COATED_OSMIUM;9992;13;9989;20;;;10008;11;10011;29;;;9999.5;0.0
1;25900;INTARIAN_PEPPER_ROOT;12968;11;;;;;12980;11;;;;;12974.0;0.0
1;26000;ASH_COATED_OSMIUM;9997;11;9988;29;;;10008;20;;;;;9999.5;0.0
1;26000;INTARIAN_PEPPER_ROOT;12968;12;12966;17;;;12981;25;12984;8;;;12974.0;0.0
1;26100;ASH_COATED_OSMIUM;9992;14;;;;;10008;11;10011;20;;;10000.0;0.0
1;26100;INTARIAN_PEPPER_ROOT;12968;9;12965;15;;;12981;8;;;;;12974.0;0.0
1;26200;ASH_COATED_OSMIUM;9992;11;;;;;10009;10;;;;;10000.5;0.0
1;26200;INTARIAN_PEPPER_ROOT;12967;11;12964;20;;;12981;17;12984;24;;;12974.0;0.0
1;26300;ASH_COATED_OSMIUM;9993;10;9991;26;;;10009;11;;;;;10000.5;0.0
1;26300;INTARIAN_PEPPER_ROOT;12964;11;;;;;12983;10;12984;15;;;12974.0;0.0
1;26400;ASH_COATED_OSMIUM;9992;13;9990;23;;;10008;12;10010;30;;;10000.0;0.0
1;26400;INTARIAN_PEPPER_ROOT;12967;12;12966;15;;;12980;19;12982;25;;;12973.5;0.0
1;26500;ASH_COATED_OSMIUM;9993;11;9990;26;9988;29;10010;13;10012;24;;;10000.5;0.0
1;26500;INTARIAN_PEPPER_ROOT;12967;11;;;;;12979;11;;;;;12973.5;0.0
1;26600;ASH_COATED_OSMIUM;9992;15;9988;26;;;10009;14;;;;;10000.5;0.0
1;26600;INTARIAN_PEPPER_ROOT;12968;10;12964;21;;;12980;8;;;;;12973.5;0.0
1;26700;ASH_COATED_OSMIUM;9991;10;9990;22;;;10010;11;10008;25;;;10000.0;0.0
1;26700;INTARIAN_PEPPER_ROOT;12966;15;12965;25;;;12981;10;12983;18;;;12973.5;0.0
1;26800;ASH_COATED_OSMIUM;9992;14;;;;;10008;25;10011;24;;;9999.5;0.0
1;26800;INTARIAN_PEPPER_ROOT;12967;20;;;;;12982;8;;;12989;15;12973.5;0.0
1;26900;ASH_COATED_OSMIUM;9991;14;9990;22;;;10008;15;10011;24;;;9999.5;0.0
1;26900;INTARIAN_PEPPER_ROOT;12967;10;12963;20;;;12981;9;12983;18;;;12973.0;0.0
1;27000;ASH_COATED_OSMIUM;9991;10;9989;20;;;10007;11;10009;25;;;9999.0;0.0
1;27000;INTARIAN_PEPPER_ROOT;12967;8;12962;11;;;12979;8;12985;22;;;12973.0;0.0
1;27100;ASH_COATED_OSMIUM;9991;11;9987;28;;;10008;13;10010;24;;;9998.5;0.0
1;27100;INTARIAN_PEPPER_ROOT;12967;12;12962;19;;;12980;17;12983;21;;;12973.0;0.0
1;27200;ASH_COATED_OSMIUM;9988;14;9988;20;;;10008;14;10010;21;;;9998.5;0.0
1;27200;INTARIAN_PEPPER_ROOT;12966;8;;;;;12979;8;;;;;12973.0;0.0
1;27300;ASH_COATED_OSMIUM;9991;11;9986;30;;;10007;13;;;10015;20;9998.5;0.0
1;27300;INTARIAN_PEPPER_ROOT;12967;8;12964;10;;;12978;12;12981;23;;;12972.5;0.0
1;27400;ASH_COATED_OSMIUM;9991;14;;;;;10007;2;;;;;9998.5;0.0
1;27400;INTARIAN_PEPPER_ROOT;12967;8;;;;;12980;8;;;;;12972.5;0.0
1;27500;ASH_COATED_OSMIUM;9989;25;9987;26;;;10007;13;;;;;9998.5;0.0
1;27500;INTARIAN_PEPPER_ROOT;12966;12;;;;;12979;9;12983;16;;;12972.5;0.0
1;27600;ASH_COATED_OSMIUM;9991;24;9988;27;;;10007;11;10010;29;;;9999.0;0.0
1;27600;INTARIAN_PEPPER_ROOT;12967;9;12963;23;;;12978;8;12984;21;;;12972.5;0.0
1;27700;ASH_COATED_OSMIUM;9990;21;9987;26;;;10006;26;10004;28;;;9998.0;0.0
1;27700;INTARIAN_PEPPER_ROOT;12967;11;12963;22;;;12981;8;12982;23;;;12972.5;0.0
1;27800;ASH_COATED_OSMIUM;9990;15;9988;20;;;10007;11;;;;;9998.0;0.0
1;27800;INTARIAN_PEPPER_ROOT;12964;9;12964;23;;;12974;8;12982;20;;;12972.0;0.0
1;27900;ASH_COATED_OSMIUM;9993;10;9988;20;;;10007;27;10009;27;;;9998.5;0.0
1;27900;INTARIAN_PEPPER_ROOT;12967;11;12963;16;;;12980;24;;;;;12972.0;0.0
1;28000;ASH_COATED_OSMIUM;9990;14;9987;25;;;10009;15;10010;21;;;9999.0;0.0
1;28000;INTARIAN_PEPPER_ROOT;12966;23;12964;19;;;12978;12;;;;;12972.0;0.0
1;28100;ASH_COATED_OSMIUM;9991;11;;;;;10004;12;10009;28;;;9999.0;0.0
1;28100;INTARIAN_PEPPER_ROOT;12966;10;12963;23;;;12978;8;;;;;12972.0;0.0
1;28200;ASH_COATED_OSMIUM;9991;20;9988;26;;;10009;10;10010;24;;;9999.0;0.0
1;28200;INTARIAN_PEPPER_ROOT;12966;12;;;;;12976;9;;;;;12972.0;0.0
1;28300;ASH_COATED_OSMIUM;9993;15;9989;21;;;10007;11;10009;25;;;9999.0;0.0
1;28300;INTARIAN_PEPPER_ROOT;12966;8;;;;;12979;8;12981;25;;;12971.5;0.0
1;28400;ASH_COATED_OSMIUM;9991;2;;;;;10007;12;;;;;9999.0;0.0
1;28400;INTARIAN_PEPPER_ROOT;12966;8;12960;24;;;12979;12;12982;21;;;12971.5;0.0
1;28500;ASH_COATED_OSMIUM;9990;12;9988;25;;;10007;15;;;;;9999.0;0.0
1;28500;INTARIAN_PEPPER_ROOT;12966;8;12963;19;;;12978;9;12980;18;;;12971.5;0.0
1;28600;ASH_COATED_OSMIUM;9991;14;9988;27;;;10007;10;;;;;9999.0;0.0
1;28600;INTARIAN_PEPPER_ROOT;12965;12;12960;16;;;12980;8;;;;;12971.5;0.0
1;28700;ASH_COATED_OSMIUM;9991;15;9989;26;;;10009;15;10010;24;;;10000.0;0.0
1;28700;INTARIAN_PEPPER_ROOT;12966;24;12963;20;;;12973;12;12980;25;;;12971.5;0.0
1;28800;ASH_COATED_OSMIUM;9991;15;9989;25;;;10008;14;10008;30;;;10000.0;0.0
1;28800;INTARIAN_PEPPER_ROOT;12963;24;;;;;12977;12;12980;25;;;12971.0;0.0
1;28900;ASH_COATED_OSMIUM;9992;11;;;;;10009;15;10012;21;;;10001.0;0.0
1;28900;INTARIAN_PEPPER_ROOT;12965;10;12963;19;;;12978;19;12982;20;;;12971.0;0.0
1;29000;ASH_COATED_OSMIUM;9992;14;;;;;10009;10;;;;;10001.0;0.0
1;29000;INTARIAN_PEPPER_ROOT;12965;8;;;;;12980;9;;;;;12971.0;0.0
1;29100;ASH_COATED_OSMIUM;9992;21;9990;20;;;10009;11;10012;25;;;10001.0;0.0
1;29100;INTARIAN_PEPPER_ROOT;12965;10;12962;25;;;12978;3;12980;21;;;12971.0;0.0
1;29200;ASH_COATED_OSMIUM;9993;10;9991;20;;;10009;11;10011;23;;;10001.0;0.0
1;29200;INTARIAN_PEPPER_ROOT;12964;11;12962;20;;;12976;6;12979;15;;;12970.5;0.0
1;29300;ASH_COATED_OSMIUM;9999;13;9992;22;;;10010;13;10012;20;;;10001.5;0.0
1;29300;INTARIAN_PEPPER_ROOT;12964;19;;;;;12978;11;;;;;12970.5;0.0
1;29400;ASH_COATED_OSMIUM;9994;13;9990;24;;;10010;10;;;;;10001.5;0.0
1;29400;INTARIAN_PEPPER_ROOT;12962;8;12962;25;;;12978;11;;;;;12970.5;0.0
1;29500;ASH_COATED_OSMIUM;9993;12;9991;20;;;10012;11;10011;24;;;10001.0;0.0
1;29500;INTARIAN_PEPPER_ROOT;12965;10;12962;24;;;12979;8;12980;16;;;12970.5;0.0
1;29600;ASH_COATED_OSMIUM;9990;20;;;;;10010;11;10009;28;;;10000.5;0.0
1;29600;INTARIAN_PEPPER_ROOT;12965;5;12961;20;;;12972;8;12983;17;;;12970.5;0.0
1;29700;ASH_COATED_OSMIUM;9993;14;9991;29;;;10006;10;10011;26;;;10000.5;0.0
1;29700;INTARIAN_PEPPER_ROOT;12964;11;12962;17;;;12979;11;12979;23;;;12970.0;0.0
1;29800;ASH_COATED_OSMIUM;9991;20;9988;21;;;10010;10;10010;21;;;10000.0;0.0
1;29800;INTARIAN_PEPPER_ROOT;12963;10;;;;;12977;8;;;;;12970.0;0.0
1;29900;ASH_COATED_OSMIUM;9992;12;9990;21;;;10009;12;;;;;10000.0;0.0
1;29900;INTARIAN_PEPPER_ROOT;12963;19;;;12958;22;12977;9;;;;;12970.0;0.0
1;30000;ASH_COATED_OSMIUM;9992;25;9989;22;;;10009;10;10011;25;;;9999.5;0.0
1;30000;INTARIAN_PEPPER_ROOT;12964;16;;;;;12976;9;12981;22;;;12970.0;0.0
1;30100;ASH_COATED_OSMIUM;9992;12;;;;;10008;14;;;;;10000.0;0.0
1;30100;INTARIAN_PEPPER_ROOT;12963;12;;;;;12977;18;12981;16;;;12969.5;0.0
1;30200;ASH_COATED_OSMIUM;9992;11;9993;22;;;10009;13;10006;30;;;10000.0;0.0
1;30200;INTARIAN_PEPPER_ROOT;12968;22;12961;17;;;12976;8;12981;18;;;12969.5;0.0
1;30300;ASH_COATED_OSMIUM;9991;22;;;;;10008;14;;;;;10000.0;0.0
1;30300;INTARIAN_PEPPER_ROOT;12963;11;12960;17;;;12976;12;;;;;12969.5;0.0
1;30400;ASH_COATED_OSMIUM;9990;10;;;;;10008;14;10010;30;;;9999.5;0.0
1;30400;INTARIAN_PEPPER_ROOT;12963;11;12960;22;;;12976;10;12978;20;;;12969.5;0.0
1;30500;ASH_COATED_OSMIUM;9992;12;;;;;10009;25;10008;27;;;10000.0;0.0
1;30500;INTARIAN_PEPPER_ROOT;12963;11;12961;19;;;12976;15;12978;17;12982;24;12969.5;0.0
1;30600;ASH_COATED_OSMIUM;9991;11;9989;21;;;10009;10;10010;20;;;10000.0;0.0
1;30600;INTARIAN_PEPPER_ROOT;12962;17;;;;;12976;8;12978;24;;;12969.0;0.0
1;30700;ASH_COATED_OSMIUM;9991;13;;;;;10008;21;10011;15;;;9999.5;0.0
1;30700;INTARIAN_PEPPER_ROOT;12963;9;12961;11;;;12977;11;12978;19;;;12969.0;0.0
1;30800;ASH_COATED_OSMIUM;9992;11;9990;23;;;10009;14;;;;;9999.5;0.0
1;30800;INTARIAN_PEPPER_ROOT;12963;10;12960;23;;;12976;24;;;;;12969.0;0.0
1;30900;ASH_COATED_OSMIUM;9992;14;9988;22;;;10008;14;10010;25;;;10000.0;0.0
1;30900;INTARIAN_PEPPER_ROOT;12965;9;;;;;12978;8;12978;24;;;12969.0;0.0
1;31000;ASH_COATED_OSMIUM;9992;14;9989;28;;;10009;30;10011;23;;;10000.0;0.0
1;31000;INTARIAN_PEPPER_ROOT;12962;8;12961;20;;;12977;9;12979;19;;;12969.0;0.0
1;31100;ASH_COATED_OSMIUM;9993;13;9990;20;;;10009;13;10011;30;;;10000.5;0.0
1;31100;INTARIAN_PEPPER_ROOT;12961;9;12961;17;;;12975;17;12980;17;;;12968.5;0.0
1;31200;ASH_COATED_OSMIUM;9993;24;9991;27;;;10010;14;10011;21;;;10001.0;0.0
1;31200;INTARIAN_PEPPER_ROOT;12963;8;12959;17;;;12975;11;;;;;12968.5;0.0
1;31300;ASH_COATED_OSMIUM;9992;11;9991;26;;;10009;12;10011;28;;;10001.0;0.0
1;31300;INTARIAN_PEPPER_ROOT;12962;8;12958;15;;;12974;12;12978;21;;;12968.5;0.0
1;31400;ASH_COATED_OSMIUM;9993;12;;;9988;21;10004;11;10012;20;;;10001.0;0.0
1;31400;INTARIAN_PEPPER_ROOT;12962;9;12958;18;;;12976;12;12978;18;12979;22;12968.5;0.0
1;31500;ASH_COATED_OSMIUM;9994;15;9991;23;;;10011;10;10013;26;;;10001.5;0.0
1;31500;INTARIAN_PEPPER_ROOT;12962;11;12959;23;;;12975;17;;;;;12968.0;0.0
1;31600;ASH_COATED_OSMIUM;9992;13;;;;;10010;14;10010;24;;;10001.5;0.0
1;31600;INTARIAN_PEPPER_ROOT;12958;8;12960;22;;;12975;16;12977;8;;;12968.0;0.0
1;31700;ASH_COATED_OSMIUM;9995;11;9993;23;;;10011;14;10013;20;;;10002.5;0.0
1;31700;INTARIAN_PEPPER_ROOT;12962;10;;;;;12975;4;12980;23;;;12968.0;0.0
1;31800;ASH_COATED_OSMIUM;9992;3;9990;22;;;10010;26;10013;22;;;10002.0;0.0
1;31800;INTARIAN_PEPPER_ROOT;12962;8;12965;20;;;12975;9;12978;22;;;12968.0;0.0
1;31900;ASH_COATED_OSMIUM;9993;10;9992;25;;;10010;11;10012;24;;;10002.0;0.0
1;31900;INTARIAN_PEPPER_ROOT;12962;12;12958;22;;;12975;11;12978;19;;;12968.0;0.0
1;32000;ASH_COATED_OSMIUM;9993;10;9991;29;;;10011;2;;;;;10001.5;0.0
1;32000;INTARIAN_PEPPER_ROOT;12962;9;;;;;12974;12;12978;23;;;12967.5;0.0
1;32100;ASH_COATED_OSMIUM;9993;10;;;;;10009;10;10012;21;;;10001.0;0.0
1;32100;INTARIAN_PEPPER_ROOT;12959;20;12960;23;;;12974;11;12979;18;;;12967.5;0.0
1;32200;ASH_COATED_OSMIUM;9993;28;9988;24;;;10009;15;;;;;10001.0;0.0
1;32200;INTARIAN_PEPPER_ROOT;12962;10;12957;20;;;12970;11;12978;15;;;12967.5;0.0
1;32300;ASH_COATED_OSMIUM;9994;13;9991;14;;;10010;15;;;;;10002.0;0.0
1;32300;INTARIAN_PEPPER_ROOT;12962;8;12958;24;;;12974;22;12980;22;;;12967.5;0.0
1;32400;ASH_COATED_OSMIUM;9993;10;9992;23;;;10010;13;10013;23;;;10001.5;0.0
1;32400;INTARIAN_PEPPER_ROOT;12960;10;12957;22;;;12973;17;;;;;12967.0;0.0
1;32500;ASH_COATED_OSMIUM;9994;13;;;;;10010;13;;;;;10002.0;0.0
1;32500;INTARIAN_PEPPER_ROOT;12959;19;12959;24;;;12974;8;12975;15;;;12967.0;0.0
1;32600;ASH_COATED_OSMIUM;9994;12;;;;;10010;11;;;;;10001.5;0.0
1;32600;INTARIAN_PEPPER_ROOT;12960;24;;;;;12976;10;;;;;12967.0;0.0
1;32700;ASH_COATED_OSMIUM;9994;15;9992;29;;;10010;4;10013;28;;;10001.5;0.0
1;32700;INTARIAN_PEPPER_ROOT;12960;10;12958;18;;;12973;10;12977;22;;;12967.0;0.0
1;32800;ASH_COATED_OSMIUM;9993;12;9990;20;;;10009;6;;;;;10001.0;0.0
1;32800;INTARIAN_PEPPER_ROOT;12959;10;;;;;12973;10;12978;21;;;12966.5;0.0
1;32900;ASH_COATED_OSMIUM;9992;13;9990;26;;;10008;23;10011;22;;;10000.0;0.0
1;32900;INTARIAN_PEPPER_ROOT;12961;12;12959;15;;;12974;11;;;;;12966.5;0.0
1;33000;ASH_COATED_OSMIUM;9992;5;;;;;10009;13;10012;30;;;10000.5;0.0
1;33000;INTARIAN_PEPPER_ROOT;12961;12;;;;;12973;9;12977;18;;;12966.5;0.0
1;33100;ASH_COATED_OSMIUM;9993;15;9990;27;;;10009;15;10012;27;;;10001.0;0.0
1;33100;INTARIAN_PEPPER_ROOT;12961;9;12959;18;;;12974;20;12977;23;;;12966.5;0.0
1;33200;ASH_COATED_OSMIUM;9993;11;;;;;10009;10;;;;;10001.0;0.0
1;33200;INTARIAN_PEPPER_ROOT;12961;23;12957;15;;;12973;12;12978;25;;;12966.5;0.0
1;33300;ASH_COATED_OSMIUM;9993;11;9990;29;9988;26;10009;13;10009;23;;;10001.0;0.0
1;33300;INTARIAN_PEPPER_ROOT;12960;8;;;;;12972;11;12976;16;;;12966.0;0.0
1;33400;ASH_COATED_OSMIUM;9992;10;;;;;10006;27;10011;29;;;10001.0;0.0
1;33400;INTARIAN_PEPPER_ROOT;12959;10;12956;17;;;12973;11;12978;25;;;12966.0;0.0
1;33500;ASH_COATED_OSMIUM;9991;4;9990;27;;;10010;11;10012;27;;;10001.0;0.0
1;33500;INTARIAN_PEPPER_ROOT;12959;11;;;;;12973;8;12976;21;;;12966.0;0.0
1;33600;ASH_COATED_OSMIUM;9992;14;9991;24;;;10009;13;10012;23;;;10000.5;0.0
1;33600;INTARIAN_PEPPER_ROOT;12960;9;;;;;12973;12;;;12980;16;12966.0;0.0
1;33700;ASH_COATED_OSMIUM;9991;11;;;;;10010;11;;;;;10000.0;0.0
1;33700;INTARIAN_PEPPER_ROOT;12960;15;12957;21;;;12971;10;12974;25;;;12965.5;0.0
1;33800;ASH_COATED_OSMIUM;9993;13;9990;24;;;10009;11;;;;;10001.0;0.0
1;33800;INTARIAN_PEPPER_ROOT;12959;8;;;;;12972;11;;;;;12965.5;0.0
1;33900;ASH_COATED_OSMIUM;9993;14;;;;;10010;11;10011;30;;;10001.0;0.0
1;33900;INTARIAN_PEPPER_ROOT;12958;10;12956;23;;;12974;20;12974;16;;;12965.5;0.0
1;34000;ASH_COATED_OSMIUM;9997;28;;;;;10011;10;10012;23;10019;21;10001.5;0.0
1;34000;INTARIAN_PEPPER_ROOT;12959;12;12956;17;;;12972;12;12975;19;;;12965.5;0.0
1;34100;ASH_COATED_OSMIUM;9993;5;9992;21;;;10010;25;10013;27;;;10001.5;0.0
1;34100;INTARIAN_PEPPER_ROOT;12959;12;12957;18;;;12973;10;12975;24;;;12965.5;0.0
1;34200;ASH_COATED_OSMIUM;9993;11;9990;20;;;10011;11;10012;21;;;10001.0;0.0
1;34200;INTARIAN_PEPPER_ROOT;12959;8;12956;24;;;12971;19;12976;24;;;12965.0;0.0
1;34300;ASH_COATED_OSMIUM;9993;13;9991;29;;;10009;14;;;;;10001.0;0.0
1;34300;INTARIAN_PEPPER_ROOT;12958;11;12956;15;;;12971;8;12975;20;;;12965.0;0.0
1;34400;ASH_COATED_OSMIUM;9993;15;9990;28;;;10010;12;10012;23;;;10000.5;0.0
1;34400;INTARIAN_PEPPER_ROOT;12957;25;12955;16;;;12972;11;12976;15;;;12965.0;0.0
1;34500;ASH_COATED_OSMIUM;9993;12;9991;22;;;10006;13;;;;;10001.0;0.0
1;34500;INTARIAN_PEPPER_ROOT;12959;8;;;;;12971;9;12975;21;;;12965.0;0.0
1;34600;ASH_COATED_OSMIUM;9992;24;;;;;10007;21;;;;;10001.5;0.0
1;34600;INTARIAN_PEPPER_ROOT;12958;10;;;;;12971;12;12975;24;;;12965.0;0.0
1;34700;ASH_COATED_OSMIUM;9993;11;9989;26;;;10009;10;;;;;10000.5;0.0
1;34700;INTARIAN_PEPPER_ROOT;12958;11;;;;;12970;11;12974;20;;;12964.5;0.0
1;34800;ASH_COATED_OSMIUM;9993;11;;;9988;25;10009;11;;;;;10000.5;0.0
1;34800;INTARIAN_PEPPER_ROOT;12957;12;;;;;12972;9;12975;20;;;12964.5;0.0
1;34900;ASH_COATED_OSMIUM;9991;11;9990;22;;;10008;13;10011;22;;;10000.0;0.0
1;34900;INTARIAN_PEPPER_ROOT;12958;8;;;;;12971;9;12974;16;;;12964.5;0.0
1;35000;ASH_COATED_OSMIUM;9992;13;9989;23;;;10008;25;;;;;9999.5;0.0
1;35000;INTARIAN_PEPPER_ROOT;12956;12;;;;;12972;10;12975;20;;;12964.5;0.0
1;35100;ASH_COATED_OSMIUM;9991;15;9990;22;9987;29;10008;22;;;;;10000.0;0.0
1;35100;INTARIAN_PEPPER_ROOT;12962;10;;;;;12970;10;;;;;12964.0;0.0
1;35200;ASH_COATED_OSMIUM;9992;4;9993;24;;;10009;14;10014;25;;;10000.5;0.0
1;35200;INTARIAN_PEPPER_ROOT;12957;8;12954;24;;;12971;10;12973;21;;;12964.0;0.0
1;35300;ASH_COATED_OSMIUM;9992;22;9991;26;;;10009;13;10012;25;;;10001.0;0.0
1;35300;INTARIAN_PEPPER_ROOT;12959;12;12957;25;;;12971;8;12973;25;;;12964.0;0.0
1;35400;ASH_COATED_OSMIUM;9993;13;;;;;10009;29;10011;25;;;10001.0;0.0
1;35400;INTARIAN_PEPPER_ROOT;12956;8;;;;;12973;11;12974;17;;;12964.0;0.0
1;35500;ASH_COATED_OSMIUM;9993;13;9989;22;;;10009;11;10013;24;;;10001.0;0.0
1;35500;INTARIAN_PEPPER_ROOT;12957;12;12955;22;;;12971;8;;;;;12964.0;0.0
1;35600;ASH_COATED_OSMIUM;9992;15;9990;24;;;10009;14;;;;;10001.0;0.0
1;35600;INTARIAN_PEPPER_ROOT;12956;10;;;;;12970;9;;;;;12963.5;0.0
1;35700;ASH_COATED_OSMIUM;9992;26;;;;;10010;13;10012;20;;;10001.0;0.0
1;35700;INTARIAN_PEPPER_ROOT;12956;10;;;;;12971;8;;;;;12963.5;0.0
1;35800;ASH_COATED_OSMIUM;9994;15;9995;20;;;10011;24;10012;24;;;10001.5;0.0
1;35800;INTARIAN_PEPPER_ROOT;12957;12;;;;;12969;4;12972;24;;;12963.5;0.0
1;35900;ASH_COATED_OSMIUM;9999;15;;;;;10010;10;10012;23;;;10001.5;0.0
1;35900;INTARIAN_PEPPER_ROOT;12957;11;12954;18;;;12970;10;12974;18;;;12963.5;0.0
1;36000;ASH_COATED_OSMIUM;9998;13;9991;26;;;10009;14;;;;;10000.5;0.0
1;36000;INTARIAN_PEPPER_ROOT;12955;11;12953;22;;;12971;10;12972;23;;;12963.0;0.0
1;36100;ASH_COATED_OSMIUM;9993;28;9990;22;;;10009;14;;;;;10000.5;0.0
1;36100;INTARIAN_PEPPER_ROOT;12956;12;12953;23;;;12964;8;;;;;12963.0;0.0
1;36200;ASH_COATED_OSMIUM;9996;12;9990;11;;;10009;11;10012;22;;;10000.5;0.0
1;36200;INTARIAN_PEPPER_ROOT;12956;11;;;;;12971;11;12974;19;;;12963.0;0.0
1;36300;ASH_COATED_OSMIUM;9992;10;9989;28;;;10008;10;10011;25;;;10000.0;0.0
1;36300;INTARIAN_PEPPER_ROOT;12958;9;;;;;12970;8;12973;18;;;12963.0;0.0
1;36400;ASH_COATED_OSMIUM;9994;30;9988;24;;;10008;10;;;;;9999.5;0.0
1;36400;INTARIAN_PEPPER_ROOT;12957;8;;;;;12971;12;12971;20;;;12963.0;0.0
1;36500;ASH_COATED_OSMIUM;9992;12;;;9986;25;10008;12;10010;30;;;9999.5;0.0
1;36500;INTARIAN_PEPPER_ROOT;12956;12;;;;;12968;12;;;;;12962.5;0.0
1;36600;ASH_COATED_OSMIUM;9992;12;9990;26;;;10009;14;;;;;9999.5;0.0
1;36600;INTARIAN_PEPPER_ROOT;12956;9;12955;23;;;12969;11;12973;25;;;12962.5;0.0
1;36700;ASH_COATED_OSMIUM;9992;15;;;;;10008;11;10011;20;;;9999.5;0.0
1;36700;INTARIAN_PEPPER_ROOT;12955;12;12950;23;;;12969;10;12973;21;;;12962.5;0.0
1;36800;ASH_COATED_OSMIUM;9992;15;9989;27;;;10008;10;10007;23;;;9999.5;0.0
1;36800;INTARIAN_PEPPER_ROOT;12957;23;12954;23;;;12969;12;12971;9;;;12962.5;0.0
1;36900;ASH_COATED_OSMIUM;9991;25;9988;21;;;10008;11;;;;;10000.0;0.0
1;36900;INTARIAN_PEPPER_ROOT;12954;11;;;;;12970;11;;;;;12962.5;0.0
1;37000;ASH_COATED_OSMIUM;9992;10;9989;20;;;10010;14;;;;;10000.0;0.0
1;37000;INTARIAN_PEPPER_ROOT;12957;10;12952;22;;;12968;10;12971;17;;;12962.0;0.0
1;37100;ASH_COATED_OSMIUM;9992;29;;;;;10008;12;;;;;10000.0;0.0
1;37100;INTARIAN_PEPPER_ROOT;12956;8;12954;19;;;12969;11;;;;;12962.0;0.0
1;37200;ASH_COATED_OSMIUM;9996;21;;;;;10009;10;10013;30;;;10001.0;0.0
1;37200;INTARIAN_PEPPER_ROOT;12956;9;12955;17;;;12968;9;;;;;12962.0;0.0
1;37300;ASH_COATED_OSMIUM;9993;13;;;;;10009;15;;;;;10001.0;0.0
1;37300;INTARIAN_PEPPER_ROOT;12955;9;;;;;12969;11;;;;;12962.0;0.0
1;37400;ASH_COATED_OSMIUM;9993;10;9991;13;;;10012;2;10012;11;;;10001.0;0.0
1;37400;INTARIAN_PEPPER_ROOT;12955;3;;;;;12968;8;;;;;12961.5;0.0
1;37500;ASH_COATED_OSMIUM;9996;15;;;;;10009;14;10011;27;;;10001.0;0.0
1;37500;INTARIAN_PEPPER_ROOT;12954;20;12952;25;;;12969;10;;;;;12961.5;0.0
1;37600;ASH_COATED_OSMIUM;9992;10;;;;;10009;13;;;;;10001.0;0.0
1;37600;INTARIAN_PEPPER_ROOT;12956;10;12952;25;;;12969;22;;;;;12961.5;0.0
1;37700;ASH_COATED_OSMIUM;9994;26;9992;24;;;10010;13;10014;27;;;10001.5;0.0
1;37700;INTARIAN_PEPPER_ROOT;12956;9;12953;25;;;12968;11;12971;21;;;12961.5;0.0
1;37800;ASH_COATED_OSMIUM;9993;13;9990;28;;;10007;13;10012;22;;;10001.0;0.0
1;37800;INTARIAN_PEPPER_ROOT;12955;10;12952;19;;;12968;9;12971;23;;;12961.5;0.0
1;37900;ASH_COATED_OSMIUM;9992;14;;;;;10008;10;;;;;10001.0;0.0
1;37900;INTARIAN_PEPPER_ROOT;12955;8;12953;15;;;12967;7;;;;;12961.0;0.0
1;38000;ASH_COATED_OSMIUM;9993;15;;;;;10010;28;;;;;10000.5;0.0
1;38000;INTARIAN_PEPPER_ROOT;12953;11;12951;19;;;12962;11;12972;20;;;12961.0;0.0
1;38100;ASH_COATED_OSMIUM;9991;10;;;;;10004;21;;;;;10000.5;0.0
1;38100;INTARIAN_PEPPER_ROOT;12954;11;12950;20;;;12968;12;;;;;12961.0;0.0
1;38200;ASH_COATED_OSMIUM;9993;15;9990;26;;;10010;11;10012;20;;;10000.5;0.0
1;38200;INTARIAN_PEPPER_ROOT;12952;20;;;;;12967;10;12969;22;;;12961.0;0.0
1;38300;ASH_COATED_OSMIUM;9992;15;;;;;10010;15;10010;27;;;10000.0;0.0
1;38300;INTARIAN_PEPPER_ROOT;12954;12;12951;20;;;12967;12;12970;23;;;12960.5;0.0
1;38400;ASH_COATED_OSMIUM;9992;7;;;;;10008;10;10011;23;;;9999.5;0.0
1;38400;INTARIAN_PEPPER_ROOT;12953;11;12951;18;;;12967;12;12972;20;;;12960.5;0.0
1;38500;ASH_COATED_OSMIUM;9992;12;9987;27;;;10009;15;;;;;9999.5;0.0
1;38500;INTARIAN_PEPPER_ROOT;12955;20;;;;;12968;9;12970;18;;;12960.5;0.0
1;38600;ASH_COATED_OSMIUM;9990;4;;;;;10009;11;10010;23;;;9999.0;0.0
1;38600;INTARIAN_PEPPER_ROOT;12954;15;;;;;12967;12;12968;24;;;12960.5;0.0
1;38700;ASH_COATED_OSMIUM;9990;15;;;;;10009;14;10010;20;;;9999.0;0.0
1;38700;INTARIAN_PEPPER_ROOT;12954;17;12953;20;;;12967;12;12969;18;;;12960.5;0.0
1;38800;ASH_COATED_OSMIUM;9991;12;;;;;10007;10;10009;28;;;9999.0;0.0
1;38800;INTARIAN_PEPPER_ROOT;12952;16;12951;19;;;12968;9;12970;19;;;12960.0;0.0
1;38900;ASH_COATED_OSMIUM;9992;22;9989;27;;;10008;21;;;;;9999.5;0.0
1;38900;INTARIAN_PEPPER_ROOT;12953;25;;;;;12967;10;;;;;12960.0;0.0
1;39000;ASH_COATED_OSMIUM;9992;12;9989;25;;;10008;14;10011;28;;;10000.0;0.0
1;39000;INTARIAN_PEPPER_ROOT;12957;10;12953;17;;;12966;21;12970;21;;;12960.0;0.0
1;39100;ASH_COATED_OSMIUM;9996;3;9990;25;;;10009;15;10010;26;;;10000.0;0.0
1;39100;INTARIAN_PEPPER_ROOT;12953;19;12951;25;;;12966;25;12969;22;;;12960.0;0.0
1;39200;ASH_COATED_OSMIUM;9993;11;9989;26;;;10009;14;10012;28;;;10000.5;0.0
1;39200;INTARIAN_PEPPER_ROOT;12954;8;;;;;12967;12;12968;25;;;12960.0;0.0
1;39300;ASH_COATED_OSMIUM;9994;12;;;;;10010;15;10013;21;;;10001.5;0.0
1;39300;INTARIAN_PEPPER_ROOT;12954;21;12949;21;;;12967;19;;;;;12959.5;0.0
1;39400;ASH_COATED_OSMIUM;9992;11;9990;10;;;10009;11;;;;;10001.0;0.0
1;39400;INTARIAN_PEPPER_ROOT;12953;10;12950;25;;;12967;11;12969;21;;;12959.5;0.0
1;39500;ASH_COATED_OSMIUM;9992;14;;;;;10008;13;10012;22;;;10001.0;0.0
1;39500;INTARIAN_PEPPER_ROOT;12953;9;12951;15;;;12968;12;12969;21;;;12959.5;0.0
1;39600;ASH_COATED_OSMIUM;9992;11;;;;;10010;10;;;;;10001.0;0.0
1;39600;INTARIAN_PEPPER_ROOT;12954;10;12951;17;;;12966;10;12969;19;;;12959.5;0.0
1;39700;ASH_COATED_OSMIUM;9993;13;9991;24;;;10011;25;10012;28;;;10001.0;0.0
1;39700;INTARIAN_PEPPER_ROOT;12953;8;12951;15;;;12964;18;12970;22;;;12959.5;0.0
1;39800;ASH_COATED_OSMIUM;9991;12;9991;30;;;10010;11;;;;;10000.5;0.0
1;39800;INTARIAN_PEPPER_ROOT;12953;8;12949;15;;;12966;18;;;;;12959.0;0.0
1;39900;ASH_COATED_OSMIUM;9992;13;;;;;10010;11;;;;;10001.0;0.0
1;39900;INTARIAN_PEPPER_ROOT;12953;10;;;;;12966;12;12969;24;;;12959.0;0.0
1;40000;ASH_COATED_OSMIUM;9993;11;;;9988;23;10009;10;;;;;10001.0;0.0
1;40000;INTARIAN_PEPPER_ROOT;12953;20;;;;;12965;11;12967;16;;;12959.0;0.0
1;40100;ASH_COATED_OSMIUM;9994;13;;;;;10010;12;10013;23;;;10001.5;0.0
1;40100;INTARIAN_PEPPER_ROOT;12951;12;12950;25;;;12966;10;;;;;12959.0;0.0
1;40200;ASH_COATED_OSMIUM;9992;11;9990;24;;;10009;12;10012;10;;;10001.0;0.0
1;40200;INTARIAN_PEPPER_ROOT;12952;9;12951;24;;;12964;12;12967;23;;;12958.5;0.0
1;40300;ASH_COATED_OSMIUM;9993;15;9990;23;;;10010;15;10013;25;;;10000.5;0.0
1;40300;INTARIAN_PEPPER_ROOT;12950;8;12949;15;;;12966;23;;;;;12958.5;0.0
1;40400;ASH_COATED_OSMIUM;9993;24;;;;;10009;13;10012;21;;;10000.5;0.0
1;40400;INTARIAN_PEPPER_ROOT;12958;22;12950;15;;;12966;11;12968;20;;;12958.5;0.0
1;40500;ASH_COATED_OSMIUM;9992;15;9991;26;;;10009;2;10012;28;;;10001.0;0.0
1;40500;INTARIAN_PEPPER_ROOT;12952;10;12951;24;;;12965;10;;;;;12958.5;0.0
1;40600;ASH_COATED_OSMIUM;9995;14;9990;24;;;10009;12;10011;22;;;10001.0;0.0
1;40600;INTARIAN_PEPPER_ROOT;12951;15;12948;20;;;12965;11;12967;24;;;12958.5;0.0
1;40700;ASH_COATED_OSMIUM;9993;14;;;;;10009;14;10011;27;;;10001.0;0.0
1;40700;INTARIAN_PEPPER_ROOT;12951;23;12951;24;;;12965;10;;;12974;24;12958.0;0.0
1;40800;ASH_COATED_OSMIUM;9994;4;9992;22;;;10010;14;10010;27;;;10001.5;0.0
1;40800;INTARIAN_PEPPER_ROOT;12952;11;12950;18;;;12964;10;12967;21;;;12958.0;0.0
1;40900;ASH_COATED_OSMIUM;9994;10;9992;25;;;10010;11;10013;27;;;10001.5;0.0
1;40900;INTARIAN_PEPPER_ROOT;12956;10;;;;;12964;11;12967;20;;;12958.0;0.0
1;41000;ASH_COATED_OSMIUM;9994;12;;;;;10010;13;10014;24;;;10002.0;0.0
1;41000;INTARIAN_PEPPER_ROOT;12952;9;12950;16;;;12965;11;12967;16;;;12958.0;0.0
1;41100;ASH_COATED_OSMIUM;9994;11;9991;26;;;10011;10;10012;29;;;10001.5;0.0
1;41100;INTARIAN_PEPPER_ROOT;12950;15;12949;22;;;12964;8;12967;17;;;12957.5;0.0
1;41200;ASH_COATED_OSMIUM;9996;13;;;;;10009;10;;;;;10000.5;0.0
1;41200;INTARIAN_PEPPER_ROOT;12951;12;;;;;12965;12;;;;;12957.5;0.0
1;41300;ASH_COATED_OSMIUM;9992;12;9991;23;;;10009;27;10011;23;;;10001.0;0.0
1;41300;INTARIAN_PEPPER_ROOT;12950;8;;;;;12965;3;12967;17;;;12957.5;0.0
1;41400;ASH_COATED_OSMIUM;9993;15;;;;;10009;11;;;;;10001.0;0.0
1;41400;INTARIAN_PEPPER_ROOT;12952;9;;;;;12964;9;;;;;12957.5;0.0
1;41500;ASH_COATED_OSMIUM;9993;13;9991;29;;;10009;13;10012;24;;;10000.5;0.0
1;41500;INTARIAN_PEPPER_ROOT;12951;9;;;;;12964;9;12967;15;;;12957.5;0.0
1;41600;ASH_COATED_OSMIUM;9990;14;;;;;10009;29;10011;26;;;10000.5;0.0
1;41600;INTARIAN_PEPPER_ROOT;12951;10;;;;;12963;23;12967;17;;;12957.0;0.0
1;41700;ASH_COATED_OSMIUM;9992;12;9990;23;;;10010;30;;;;;10000.0;0.0
1;41700;INTARIAN_PEPPER_ROOT;12950;10;12947;21;;;12963;12;12967;18;;;12957.0;0.0
1;41800;ASH_COATED_OSMIUM;9992;14;9989;27;;;10008;10;10012;30;;;10000.0;0.0
1;41800;INTARIAN_PEPPER_ROOT;12950;11;12949;21;;;12964;18;12966;22;;;12957.0;0.0
1;41900;ASH_COATED_OSMIUM;9998;7;9990;21;;;10009;13;10012;21;;;10001.0;0.0
1;41900;INTARIAN_PEPPER_ROOT;12951;12;;;;;12965;11;12966;21;;;12957.0;0.0
1;42000;ASH_COATED_OSMIUM;9992;11;9990;22;;;10006;10;;;;;10001.0;0.0
1;42000;INTARIAN_PEPPER_ROOT;12950;10;12948;19;;;12964;12;;;;;12957.0;0.0
1;42100;ASH_COATED_OSMIUM;9993;12;9991;22;;;10010;30;;;;;10000.5;0.0
1;42100;INTARIAN_PEPPER_ROOT;12951;9;12947;20;;;12963;21;;;;;12956.5;0.0
1;42200;ASH_COATED_OSMIUM;9992;12;9990;25;;;10008;30;;;;;10000.0;0.0
1;42200;INTARIAN_PEPPER_ROOT;12951;9;;;;;12962;8;12967;21;;;12956.5;0.0
1;42300;ASH_COATED_OSMIUM;9993;14;9990;22;;;10009;22;10012;23;;;10000.5;0.0
1;42300;INTARIAN_PEPPER_ROOT;12950;10;;;;;12965;11;12966;18;;;12956.5;0.0
1;42400;ASH_COATED_OSMIUM;9992;15;9989;24;;;10006;12;10010;20;;;10000.0;0.0
1;42400;INTARIAN_PEPPER_ROOT;12948;8;12947;17;;;12964;9;12969;24;;;12956.5;0.0
1;42500;ASH_COATED_OSMIUM;9992;11;9989;25;;;10008;13;;;;;9999.5;0.0
1;42500;INTARIAN_PEPPER_ROOT;12953;9;12947;21;12946;24;12963;20;12966;17;;;12956.5;0.0
1;42600;ASH_COATED_OSMIUM;9992;14;;;;;10008;10;;;;;10000.0;0.0
1;42600;INTARIAN_PEPPER_ROOT;12949;9;12947;23;;;12963;8;12965;18;;;12956.0;0.0
1;42700;ASH_COATED_OSMIUM;9992;15;;;;;10008;25;10010;26;;;10000.0;0.0
1;42700;INTARIAN_PEPPER_ROOT;12949;12;;;;;12963;9;;;;;12956.0;0.0
1;42800;ASH_COATED_OSMIUM;9992;10;;;;;10008;27;;;;;9999.5;0.0
1;42800;INTARIAN_PEPPER_ROOT;12948;12;12948;24;;;12958;12;12965;24;;;12956.0;0.0
1;42900;ASH_COATED_OSMIUM;9992;11;;;;;10008;11;10011;25;;;9999.5;0.0
1;42900;INTARIAN_PEPPER_ROOT;12948;23;12948;17;;;12962;10;12966;23;;;12956.0;0.0
1;43000;ASH_COATED_OSMIUM;9992;12;9989;27;;;10009;13;;;;;10000.0;0.0
1;43000;INTARIAN_PEPPER_ROOT;12949;8;12946;25;;;12961;11;12964;24;;;12955.5;0.0
1;43100;ASH_COATED_OSMIUM;9991;15;9990;22;;;10008;15;;;;;10000.0;0.0
1;43100;INTARIAN_PEPPER_ROOT;12949;8;12947;21;;;12962;12;;;;;12955.5;0.0
1;43200;ASH_COATED_OSMIUM;9992;12;9990;25;;;10009;11;10011;20;;;10000.5;0.0
1;43200;INTARIAN_PEPPER_ROOT;12949;12;;;;;12964;12;;;;;12955.5;0.0
1;43300;ASH_COATED_OSMIUM;9992;10;9990;28;;;10009;24;;;;;10000.5;0.0
1;43300;INTARIAN_PEPPER_ROOT;12948;12;12947;11;;;12962;10;;;;;12955.5;0.0
1;43400;ASH_COATED_OSMIUM;9991;3;9990;25;;;10011;14;;;;;10001.0;0.0
1;43400;INTARIAN_PEPPER_ROOT;12949;11;12946;24;;;12962;8;12963;21;;;12955.5;0.0
1;43500;ASH_COATED_OSMIUM;9992;4;9990;23;;;10009;12;;;;;10001.0;0.0
1;43500;INTARIAN_PEPPER_ROOT;12948;12;12946;24;;;12964;11;;;;;12955.0;0.0
1;43600;ASH_COATED_OSMIUM;9993;15;;;;;10010;13;;;;;10000.5;0.0
1;43600;INTARIAN_PEPPER_ROOT;12947;9;12946;17;;;12962;12;;;;;12955.0;0.0
1;43700;ASH_COATED_OSMIUM;9990;13;9990;29;;;10009;10;10012;30;;;10000.5;0.0
1;43700;INTARIAN_PEPPER_ROOT;12949;10;12945;16;;;12962;10;12965;19;;;12955.0;0.0
1;43800;ASH_COATED_OSMIUM;9992;10;;;9987;25;10008;11;;;;;10000.0;0.0
1;43800;INTARIAN_PEPPER_ROOT;12948;11;12946;19;;;12961;11;12965;8;;;12955.0;0.0
1;43900;ASH_COATED_OSMIUM;9991;13;9988;24;;;10010;12;10011;20;10015;24;10000.5;0.0
1;43900;INTARIAN_PEPPER_ROOT;12945;12;12946;19;;;12963;8;12964;17;;;12955.0;0.0
1;44000;ASH_COATED_OSMIUM;9993;10;9991;24;;;10009;11;10012;28;;;10001.0;0.0
1;44000;INTARIAN_PEPPER_ROOT;12949;11;12947;18;;;12961;11;;;;;12954.5;0.0
1;44100;ASH_COATED_OSMIUM;9993;10;9991;21;;;10011;15;10012;22;;;10001.5;0.0
1;44100;INTARIAN_PEPPER_ROOT;12947;12;12946;18;;;12961;11;12963;24;;;12954.5;0.0
1;44200;ASH_COATED_OSMIUM;9997;15;;;;;10010;10;;;;;10002.0;0.0
1;44200;INTARIAN_PEPPER_ROOT;12949;10;;;;;12962;11;12964;19;;;12954.5;0.0
1;44300;ASH_COATED_OSMIUM;9997;12;9993;25;;;10011;11;10013;21;;;10002.5;0.0
1;44300;INTARIAN_PEPPER_ROOT;12947;11;12945;22;;;12961;10;12962;21;;;12954.5;0.0
1;44400;ASH_COATED_OSMIUM;9997;12;9993;20;;;10011;25;;;;;10002.5;0.0
1;44400;INTARIAN_PEPPER_ROOT;12953;11;12945;23;;;12961;15;12964;25;;;12954.0;0.0
1;44500;ASH_COATED_OSMIUM;9993;10;9990;25;;;10010;14;10014;12;;;10002.0;0.0
1;44500;INTARIAN_PEPPER_ROOT;12948;8;12946;18;;;12961;8;;;;;12954.0;0.0
1;44600;ASH_COATED_OSMIUM;9995;20;;;;;10012;10;10015;26;;;10002.5;0.0
1;44600;INTARIAN_PEPPER_ROOT;12948;9;;;;;12960;9;12964;16;;;12954.0;0.0
1;44700;ASH_COATED_OSMIUM;9993;10;9992;24;;;10010;10;10013;25;;;10002.0;0.0
1;44700;INTARIAN_PEPPER_ROOT;12948;9;;;;;12960;10;12964;10;;;12954.0;0.0
1;44800;ASH_COATED_OSMIUM;9994;10;9992;30;9988;28;10012;11;;;;;10002.0;0.0
1;44800;INTARIAN_PEPPER_ROOT;12947;9;12944;24;;;12962;11;12963;12;;;12954.0;0.0
1;44900;ASH_COATED_OSMIUM;9995;10;;;;;10011;29;;;;;10002.5;0.0
1;44900;INTARIAN_PEPPER_ROOT;12947;21;12943;19;;;12960;11;;;;;12953.5;0.0
1;45000;ASH_COATED_OSMIUM;9995;11;9992;26;;;10011;15;;;;;10002.5;0.0
1;45000;INTARIAN_PEPPER_ROOT;12948;9;;;;;12962;11;12963;17;;;12953.5;0.0
1;45100;ASH_COATED_OSMIUM;9994;5;;;;;10008;10;10015;29;;;10003.0;0.0
1;45100;INTARIAN_PEPPER_ROOT;12947;16;;;12942;24;12960;21;12964;17;;;12953.5;0.0
1;45200;ASH_COATED_OSMIUM;9994;29;9991;23;;;10010;11;10012;12;;;10002.0;0.0
1;45200;INTARIAN_PEPPER_ROOT;12948;6;12945;15;;;12961;11;12964;20;;;12953.5;0.0
1;45300;ASH_COATED_OSMIUM;9994;15;9990;21;;;10010;11;10013;24;;;10001.5;0.0
1;45300;INTARIAN_PEPPER_ROOT;12948;11;12945;17;;;12961;11;;;;;12953.5;0.0
1;45400;ASH_COATED_OSMIUM;9994;30;;;;;10010;13;;;;;10001.5;0.0
1;45400;INTARIAN_PEPPER_ROOT;12948;19;;;;;12959;12;;;;;12953.0;0.0
1;45500;ASH_COATED_OSMIUM;9994;13;;;;;10011;10;10013;29;;;10001.5;0.0
1;45500;INTARIAN_PEPPER_ROOT;12944;10;12945;19;;;12959;23;;;;;12953.0;0.0
1;45600;ASH_COATED_OSMIUM;9993;12;9990;23;;;10007;13;;;;;10001.0;0.0
1;45600;INTARIAN_PEPPER_ROOT;12947;9;;;;;12960;12;12963;22;;;12953.0;0.0
1;45700;ASH_COATED_OSMIUM;9993;15;;;;;10009;14;10012;13;;;10001.0;0.0
1;45700;INTARIAN_PEPPER_ROOT;12947;8;12945;23;;;12960;8;12962;17;;;12953.0;0.0
1;45800;ASH_COATED_OSMIUM;9993;14;9990;24;;;10009;15;;;;;10000.5;0.0
1;45800;INTARIAN_PEPPER_ROOT;12945;9;;;;;12960;8;12962;19;;;12952.5;0.0
1;45900;ASH_COATED_OSMIUM;9993;14;9989;23;9985;22;10009;10;10012;30;;;10000.5;0.0
1;45900;INTARIAN_PEPPER_ROOT;12946;10;;;;;12959;10;;;;;12952.5;0.0
1;46000;ASH_COATED_OSMIUM;9993;14;;;;;10009;10;10011;25;;;10000.5;0.0
1;46000;INTARIAN_PEPPER_ROOT;12947;8;;;;;12961;20;12962;23;;;12952.5;0.0
1;46100;ASH_COATED_OSMIUM;9993;10;9990;27;;;10012;4;;;;;10001.0;0.0
1;46100;INTARIAN_PEPPER_ROOT;12947;11;12943;16;;;12961;8;12963;21;;;12952.5;0.0
1;46200;ASH_COATED_OSMIUM;9993;20;;;;;10006;12;10013;23;;;10001.0;0.0
1;46200;INTARIAN_PEPPER_ROOT;12947;8;12943;20;;;12959;10;12962;18;;;12952.5;0.0
1;46300;ASH_COATED_OSMIUM;9992;13;;;;;10010;12;10012;21;;;10000.5;0.0
1;46300;INTARIAN_PEPPER_ROOT;12948;7;;;;;12959;12;12961;25;;;12952.0;0.0
1;46400;ASH_COATED_OSMIUM;9992;10;9990;25;;;10008;13;10011;26;;;10000.0;0.0
1;46400;INTARIAN_PEPPER_ROOT;12945;11;12944;25;;;12958;21;;;;;12952.0;0.0
1;46500;ASH_COATED_OSMIUM;9991;15;;;;;10009;14;;;;;10000.5;0.0
1;46500;INTARIAN_PEPPER_ROOT;12946;23;;;;;12959;11;12962;11;;;12952.0;0.0
1;46600;ASH_COATED_OSMIUM;9993;15;9990;26;;;10009;15;10012;30;;;10000.5;0.0
1;46600;INTARIAN_PEPPER_ROOT;12945;10;12943;17;;;12960;11;;;;;12952.0;0.0
1;46700;ASH_COATED_OSMIUM;9992;12;9989;23;;;10009;12;10013;28;;;10001.0;0.0
1;46700;INTARIAN_PEPPER_ROOT;12945;8;12943;16;;;12957;10;12961;23;;;12951.5;0.0
1;46800;ASH_COATED_OSMIUM;9992;13;;;;;10009;14;;;;;10001.0;0.0
1;46800;INTARIAN_PEPPER_ROOT;12943;12;12943;24;;;12958;11;;;;;12951.5;0.0
1;46900;ASH_COATED_OSMIUM;9992;10;9991;27;;;10010;11;10013;20;;;10001.5;0.0
1;46900;INTARIAN_PEPPER_ROOT;12945;8;12944;21;;;12958;10;12961;25;;;12951.5;0.0
1;47000;ASH_COATED_OSMIUM;9994;14;9991;23;;;10011;15;;;;;10001.5;0.0
1;47000;INTARIAN_PEPPER_ROOT;12946;9;12944;21;;;12959;10;12955;25;;;12951.5;0.0
1;47100;ASH_COATED_OSMIUM;9994;12;9991;30;;;10010;12;10013;25;;;10001.5;0.0
1;47100;INTARIAN_PEPPER_ROOT;12945;12;12941;24;;;12958;18;12960;16;;;12951.0;0.0
1;47200;ASH_COATED_OSMIUM;9993;14;9990;27;;;10004;10;;;;;10001.0;0.0
1;47200;INTARIAN_PEPPER_ROOT;12944;8;12941;19;;;12958;10;12962;20;;;12951.0;0.0
1;47300;ASH_COATED_OSMIUM;9993;27;;;;;10004;14;10013;29;;;10001.0;0.0
1;47300;INTARIAN_PEPPER_ROOT;12945;9;12942;18;;;12956;12;12959;20;;;12951.0;0.0
1;47400;ASH_COATED_OSMIUM;9993;24;9990;30;;;10009;11;;;;;10001.0;0.0
1;47400;INTARIAN_PEPPER_ROOT;12945;8;12942;16;;;12957;10;;;;;12951.0;0.0
1;47500;ASH_COATED_OSMIUM;9993;29;9990;30;;;10011;14;;;;;10001.5;0.0
1;47500;INTARIAN_PEPPER_ROOT;12945;15;12943;19;;;12953;12;12961;18;;;12951.0;0.0
1;47600;ASH_COATED_OSMIUM;9992;15;;;;;10009;14;10011;29;;;10001.0;0.0
1;47600;INTARIAN_PEPPER_ROOT;12945;9;;;;;12959;12;12961;18;;;12950.5;0.0
1;47700;ASH_COATED_OSMIUM;9992;11;9990;27;;;10011;13;10011;29;;;10001.0;0.0
1;47700;INTARIAN_PEPPER_ROOT;12944;12;12942;20;;;12957;9;12961;17;;;12950.5;0.0
1;47800;ASH_COATED_OSMIUM;9993;13;9990;30;;;10009;4;10011;27;;;10000.5;0.0
1;47800;INTARIAN_PEPPER_ROOT;12944;9;12942;18;;;12957;11;;;;;12950.5;0.0
1;47900;ASH_COATED_OSMIUM;9994;8;9991;29;;;10010;13;;;;;10001.5;0.0
1;47900;INTARIAN_PEPPER_ROOT;12944;11;12941;20;;;12957;11;12961;16;;;12950.5;0.0
1;48000;ASH_COATED_OSMIUM;9991;11;;;;;10009;10;;;;;10001.0;0.0
1;48000;INTARIAN_PEPPER_ROOT;12942;16;;;;;12956;19;12959;18;;;12950.5;0.0
1;48100;ASH_COATED_OSMIUM;9994;13;;;;;10010;13;10012;27;;;10001.5;0.0
1;48100;INTARIAN_PEPPER_ROOT;12944;12;12942;18;;;12958;10;;;;;12950.0;0.0
1;48200;ASH_COATED_OSMIUM;9992;14;9994;23;;;10009;11;10012;24;;;10001.0;0.0
1;48200;INTARIAN_PEPPER_ROOT;12944;8;12940;15;;;12960;12;;;;;12950.0;0.0
1;48300;ASH_COATED_OSMIUM;9993;13;9990;23;;;10006;13;;;;;10001.0;0.0
1;48300;INTARIAN_PEPPER_ROOT;12944;9;12941;25;;;12956;11;12959;22;;;12950.0;0.0
1;48400;ASH_COATED_OSMIUM;9993;11;9991;25;;;10009;12;;;;;10001.0;0.0
1;48400;INTARIAN_PEPPER_ROOT;12944;8;;;;;12956;8;;;;;12950.0;0.0
1;48500;ASH_COATED_OSMIUM;9994;14;;;;;10008;20;;;;;10001.5;0.0
1;48500;INTARIAN_PEPPER_ROOT;12944;11;12940;16;;;12956;8;12959;15;;;12949.5;0.0
1;48600;ASH_COATED_OSMIUM;9994;14;9991;26;;;10010;12;10013;26;;;10001.5;0.0
1;48600;INTARIAN_PEPPER_ROOT;12944;10;12940;24;;;12956;9;12960;24;;;12949.5;0.0
1;48700;ASH_COATED_OSMIUM;9994;14;9991;26;;;10010;15;;;;;10002.0;0.0
1;48700;INTARIAN_PEPPER_ROOT;12943;10;12942;22;;;12956;11;;;;;12949.5;0.0
1;48800;ASH_COATED_OSMIUM;9994;14;9990;25;;;10011;15;10014;24;;;10001.5;0.0
1;48800;INTARIAN_PEPPER_ROOT;12943;23;12940;19;;;12955;10;12961;18;;;12949.5;0.0
1;48900;ASH_COATED_OSMIUM;9993;13;;;;;10010;11;;;;;10001.5;0.0
1;48900;INTARIAN_PEPPER_ROOT;12944;16;12941;22;;;12959;11;;;;;12949.5;0.0
1;49000;ASH_COATED_OSMIUM;9993;15;9991;26;;;10009;13;10013;27;;;10001.0;0.0
1;49000;INTARIAN_PEPPER_ROOT;12942;23;;;;;12955;23;12961;15;;;12949.0;0.0
1;49100;ASH_COATED_OSMIUM;9992;13;9990;24;;;10006;15;10011;22;;;10001.0;0.0
1;49100;INTARIAN_PEPPER_ROOT;12942;9;12939;16;;;12955;12;12959;15;;;12949.0;0.0
1;49200;ASH_COATED_OSMIUM;9993;30;;;;;10009;13;10012;26;;;10001.0;0.0
1;49200;INTARIAN_PEPPER_ROOT;12944;10;;;;;12955;10;12958;22;;;12949.0;0.0
1;49300;ASH_COATED_OSMIUM;9993;20;9991;24;;;10010;11;10012;27;;;10000.5;0.0
1;49300;INTARIAN_PEPPER_ROOT;12943;12;12940;15;;;12955;11;12959;23;;;12949.0;0.0
1;49400;ASH_COATED_OSMIUM;9992;4;9991;29;;;10009;25;10011;29;;;10000.5;0.0
1;49400;INTARIAN_PEPPER_ROOT;12941;3;12938;18;;;12956;12;12959;23;;;12949.0;0.0
1;49500;ASH_COATED_OSMIUM;9993;25;9990;26;;;10010;12;10012;27;;;10000.5;0.0
1;49500;INTARIAN_PEPPER_ROOT;12942;8;12939;19;;;12954;8;;;;;12948.5;0.0
1;49600;ASH_COATED_OSMIUM;9994;12;;;;;10010;14;10012;30;;;10001.5;0.0
1;49600;INTARIAN_PEPPER_ROOT;12942;8;12940;23;;;12956;12;12958;15;;;12948.5;0.0
1;49700;ASH_COATED_OSMIUM;9993;15;9992;24;;;10010;22;10013;30;;;10002.0;0.0
1;49700;INTARIAN_PEPPER_ROOT;12942;9;12939;9;;;12955;10;12960;15;;;12948.5;0.0
1;49800;ASH_COATED_OSMIUM;9996;10;9992;21;;;10011;10;10013;22;;;10001.5;0.0
1;49800;INTARIAN_PEPPER_ROOT;12943;11;;;;;12955;10;;;;;12948.5;0.0
1;49900;ASH_COATED_OSMIUM;9992;12;;;;;10009;13;10011;23;;;10000.5;0.0
1;49900;INTARIAN_PEPPER_ROOT;12941;10;12938;21;;;12949;18;12958;17;;;12948.0;0.0
1;50000;ASH_COATED_OSMIUM;9993;15;9990;22;9987;28;10010;10;10011;25;;;10000.5;0.0
1;50000;INTARIAN_PEPPER_ROOT;12944;9;12939;17;;;12955;8;;;;;12948.0;0.0
1;50100;ASH_COATED_OSMIUM;9993;10;9991;28;;;10010;13;10011;30;;;10000.5;0.0
1;50100;INTARIAN_PEPPER_ROOT;12940;20;12939;24;;;12957;8;12957;21;;;12948.0;0.0
1;50200;ASH_COATED_OSMIUM;9990;14;;;;;10008;15;;;;;9999.5;0.0
1;50200;INTARIAN_PEPPER_ROOT;12942;25;12939;24;;;12955;8;12956;15;;;12948.0;0.0
1;50300;ASH_COATED_OSMIUM;9991;13;9988;24;;;10007;10;;;;;9999.0;0.0
1;50300;INTARIAN_PEPPER_ROOT;12939;24;;;;;12955;7;12957;24;;;12948.0;0.0
1;50400;ASH_COATED_OSMIUM;9991;12;9989;25;;;10007;12;;;;;9999.0;0.0
1;50400;INTARIAN_PEPPER_ROOT;12942;11;;;;;12953;11;12959;25;;;12947.5;0.0
1;50500;ASH_COATED_OSMIUM;9991;13;9987;20;;;10008;11;;;;;9999.0;0.0
1;50500;INTARIAN_PEPPER_ROOT;12946;9;12940;21;;;12956;9;;;;;12947.5;0.0
1;50600;ASH_COATED_OSMIUM;9991;27;9988;30;;;10007;11;10009;25;10013;20;9999.0;0.0
1;50600;INTARIAN_PEPPER_ROOT;12941;8;12939;19;;;12954;9;12959;18;;;12947.5;0.0
1;50700;ASH_COATED_OSMIUM;9992;28;9988;12;;;10008;4;10011;23;;;9999.5;0.0
1;50700;INTARIAN_PEPPER_ROOT;12941;12;12939;24;12936;22;12954;23;12959;20;;;12947.5;0.0
1;50800;ASH_COATED_OSMIUM;9991;30;;;;;10007;12;10009;22;;;9999.0;0.0
1;50800;INTARIAN_PEPPER_ROOT;12942;11;12938;19;;;12955;11;12959;17;;;12947.5;0.0
1;50900;ASH_COATED_OSMIUM;9992;26;;;;;10009;10;;;;;9999.5;0.0
1;50900;INTARIAN_PEPPER_ROOT;12941;12;;;;;12954;12;;;;;12947.0;0.0
1;51000;ASH_COATED_OSMIUM;9992;14;9988;24;;;10008;22;10011;22;;;10000.0;0.0
1;51000;INTARIAN_PEPPER_ROOT;12946;10;;;;;12954;9;12958;19;;;12947.0;0.0
1;51100;ASH_COATED_OSMIUM;9991;20;9990;25;;;10008;12;10012;25;;;10000.0;0.0
1;51100;INTARIAN_PEPPER_ROOT;12938;23;;;;;12952;20;;;;;12947.0;0.0
1;51200;ASH_COATED_OSMIUM;9992;14;9990;28;;;10008;14;;;;;9999.5;0.0
1;51200;INTARIAN_PEPPER_ROOT;12942;25;12939;15;;;12953;25;12957;18;;;12947.0;0.0
1;51300;ASH_COATED_OSMIUM;9992;14;9990;26;;;10009;15;10010;11;;;9999.5;0.0
1;51300;INTARIAN_PEPPER_ROOT;12940;9;12938;25;;;12954;12;12955;25;;;12946.5;0.0
1;51400;ASH_COATED_OSMIUM;9996;15;9989;28;;;10006;20;;;;;10000.5;0.0
1;51400;INTARIAN_PEPPER_ROOT;12941;11;12937;21;;;12953;8;12955;16;;;12946.5;0.0
1;51500;ASH_COATED_OSMIUM;9997;27;;;;;10011;15;;;;;10001.5;0.0
1;51500;INTARIAN_PEPPER_ROOT;12939;9;12938;21;;;12953;8;12959;16;;;12946.5;0.0
1;51600;ASH_COATED_OSMIUM;9992;14;9994;24;;;10011;12;;;;;10001.5;0.0
1;51600;INTARIAN_PEPPER_ROOT;12940;11;12938;19;;;12953;9;12957;17;;;12946.5;0.0
1;51700;ASH_COATED_OSMIUM;9994;27;9991;30;;;10010;11;10013;26;;;10001.5;0.0
1;51700;INTARIAN_PEPPER_ROOT;12940;11;12937;23;;;12952;11;12955;20;;;12946.5;0.0
1;51800;ASH_COATED_OSMIUM;9994;15;9990;29;;;10010;26;10012;28;;;10001.5;0.0
1;51800;INTARIAN_PEPPER_ROOT;12940;8;12937;15;;;12953;10;12955;18;;;12946.0;0.0
1;51900;ASH_COATED_OSMIUM;9998;22;9991;25;;;10010;27;10012;20;;;10001.5;0.0
1;51900;INTARIAN_PEPPER_ROOT;12940;10;12937;22;;;12953;9;12955;18;;;12946.0;0.0
1;52000;ASH_COATED_OSMIUM;9992;13;9990;21;9986;30;10011;14;10012;22;;;10001.5;0.0
1;52000;INTARIAN_PEPPER_ROOT;12940;10;12937;25;;;12955;10;12958;17;;;12946.0;0.0
1;52100;ASH_COATED_OSMIUM;9994;21;;;;;10010;20;10008;28;;;10001.5;0.0
1;52100;INTARIAN_PEPPER_ROOT;12938;10;12936;15;;;12953;8;12954;23;;;12946.0;0.0
1;52200;ASH_COATED_OSMIUM;9992;3;;;;;10011;12;10011;27;;;10001.0;0.0
1;52200;INTARIAN_PEPPER_ROOT;12939;3;12935;23;;;12953;10;12956;20;;;12945.5;0.0
1;52300;ASH_COATED_OSMIUM;9994;12;9995;29;;;10010;5;10013;25;;;10001.5;0.0
1;52300;INTARIAN_PEPPER_ROOT;12939;9;;;;;12951;11;12955;20;;;12945.5;0.0
1;52400;ASH_COATED_OSMIUM;9992;14;;;;;10005;12;10012;23;;;10001.5;0.0
1;52400;INTARIAN_PEPPER_ROOT;12940;10;;;;;12952;10;;;;;12945.5;0.0
1;52500;ASH_COATED_OSMIUM;9994;14;9992;20;;;10011;15;10012;23;;;10001.5;0.0
1;52500;INTARIAN_PEPPER_ROOT;12940;12;;;;;12952;16;;;;;12945.5;0.0
1;52600;ASH_COATED_OSMIUM;9992;11;9991;28;;;10009;15;;;;;10001.0;0.0
1;52600;INTARIAN_PEPPER_ROOT;12939;12;;;;;12951;11;12956;24;;;12945.5;0.0
1;52700;ASH_COATED_OSMIUM;9997;13;9990;24;;;10008;29;10010;22;;;10000.0;0.0
1;52700;INTARIAN_PEPPER_ROOT;12937;11;12935;15;;;12951;9;12956;19;;;12945.0;0.0
1;52800;ASH_COATED_OSMIUM;9992;12;9989;30;;;10009;14;10011;22;;;10000.0;0.0
1;52800;INTARIAN_PEPPER_ROOT;12939;9;12935;17;;;12952;10;12954;21;;;12945.0;0.0
1;52900;ASH_COATED_OSMIUM;9992;22;9988;29;9984;13;10008;14;;;;;10000.0;0.0
1;52900;INTARIAN_PEPPER_ROOT;12937;8;;;;;12955;12;;;;;12945.0;0.0
1;53000;ASH_COATED_OSMIUM;9991;15;;;;;10009;27;10011;23;;;9999.5;0.0
1;53000;INTARIAN_PEPPER_ROOT;12939;10;12936;22;;;12952;12;12955;17;;;12945.0;0.0
1;53100;ASH_COATED_OSMIUM;9992;12;9989;22;;;10008;13;10010;21;;;9999.5;0.0
1;53100;INTARIAN_PEPPER_ROOT;12939;10;12936;21;;;12951;9;12957;22;;;12945.0;0.0
1;53200;ASH_COATED_OSMIUM;9990;10;9989;20;;;10007;4;10009;20;;;9999.0;0.0
1;53200;INTARIAN_PEPPER_ROOT;12938;8;12935;16;;;12952;20;12953;22;;;12944.5;0.0
1;53300;ASH_COATED_OSMIUM;9991;14;;;;;10005;22;10010;12;;;9999.0;0.0
1;53300;INTARIAN_PEPPER_ROOT;12939;12;12938;22;;;12946;12;12955;20;;;12944.5;0.0
1;53400;ASH_COATED_OSMIUM;9995;10;;;;;10007;10;10010;26;;;9999.0;0.0
1;53400;INTARIAN_PEPPER_ROOT;12939;12;12937;19;;;12952;10;12953;20;;;12944.5;0.0
1;53500;ASH_COATED_OSMIUM;9990;11;;;;;10007;14;10011;29;;;9999.0;0.0
1;53500;INTARIAN_PEPPER_ROOT;12938;4;12935;19;;;12952;11;12956;19;;;12944.5;0.0
1;53600;ASH_COATED_OSMIUM;9992;12;;;;;10009;10;10011;20;;;9999.5;0.0
1;53600;INTARIAN_PEPPER_ROOT;12938;10;;;;;12951;9;12954;25;;;12944.5;0.0
1;53700;ASH_COATED_OSMIUM;9992;5;9990;24;;;10003;13;10011;12;;;9999.5;0.0
1;53700;INTARIAN_PEPPER_ROOT;12937;10;12936;18;;;12953;11;;;;;12944.0;0.0
1;53800;ASH_COATED_OSMIUM;9991;25;;;;;10007;24;10009;30;;;9999.0;0.0
1;53800;INTARIAN_PEPPER_ROOT;12938;11;12936;21;;;12950;9;12951;17;;;12944.0;0.0
1;53900;ASH_COATED_OSMIUM;9991;29;9989;25;;;10007;10;10010;29;;;9999.0;0.0
1;53900;INTARIAN_PEPPER_ROOT;12938;11;;;;;12952;8;12953;20;;;12944.0;0.0
1;54000;ASH_COATED_OSMIUM;9992;21;9990;29;;;10008;11;10011;20;;;9999.5;0.0
1;54000;INTARIAN_PEPPER_ROOT;12939;8;12940;18;;;12950;12;12953;16;;;12944.0;0.0
1;54100;ASH_COATED_OSMIUM;9990;10;9990;24;;;10008;15;10010;23;;;9999.5;0.0
1;54100;INTARIAN_PEPPER_ROOT;12937;12;12934;24;;;12950;11;12953;15;;;12943.5;0.0
1;54200;ASH_COATED_OSMIUM;9992;10;9990;26;;;10008;14;;;;;10000.0;0.0
1;54200;INTARIAN_PEPPER_ROOT;12936;9;12935;18;;;12952;10;12952;18;;;12943.5;0.0
1;54300;ASH_COATED_OSMIUM;9992;30;9990;23;;;10008;14;10012;22;;;10000.0;0.0
1;54300;INTARIAN_PEPPER_ROOT;12940;12;;;;;12953;19;12953;17;12958;15;12943.5;0.0
1;54400;ASH_COATED_OSMIUM;9991;14;9990;20;;;10009;30;10011;25;;;10000.5;0.0
1;54400;INTARIAN_PEPPER_ROOT;12938;8;12935;22;;;12950;9;12953;21;;;12943.5;0.0
1;54500;ASH_COATED_OSMIUM;9993;14;9990;20;;;10009;10;;;;;10000.5;0.0
1;54500;INTARIAN_PEPPER_ROOT;12943;11;12935;16;;;12950;11;;;;;12943.5;0.0
1;54600;ASH_COATED_OSMIUM;9993;12;9996;22;;;10011;14;;;;;10000.5;0.0
1;54600;INTARIAN_PEPPER_ROOT;12936;11;12934;21;;;12949;12;12953;19;;;12943.0;0.0
1;54700;ASH_COATED_OSMIUM;9992;11;9989;21;;;10008;11;10012;30;;;10000.0;0.0
1;54700;INTARIAN_PEPPER_ROOT;12935;11;12933;19;;;12950;9;12953;16;;;12943.0;0.0
1;54800;ASH_COATED_OSMIUM;9991;20;;;;;10009;11;10013;24;;;10000.5;0.0
1;54800;INTARIAN_PEPPER_ROOT;12936;17;12933;19;;;12949;9;12952;25;;;12943.0;0.0
1;54900;ASH_COATED_OSMIUM;9999;10;9996;26;;;10009;11;10011;30;;;10001.0;0.0
1;54900;INTARIAN_PEPPER_ROOT;12937;9;12933;15;;;12949;12;12952;21;;;12943.0;0.0
1;55000;ASH_COATED_OSMIUM;9991;30;;;;;10009;13;10012;27;;;10000.5;0.0
1;55000;INTARIAN_PEPPER_ROOT;12935;9;12934;9;;;12950;11;12954;24;;;12943.0;0.0
1;55100;ASH_COATED_OSMIUM;9994;15;9992;29;;;10010;21;10012;25;;;10001.5;0.0
1;55100;INTARIAN_PEPPER_ROOT;12936;10;;;;;12951;11;12952;25;;;12942.5;0.0
1;55200;ASH_COATED_OSMIUM;9992;22;9991;23;;;10009;13;10011;21;;;10001.0;0.0
1;55200;INTARIAN_PEPPER_ROOT;12937;10;12934;20;;;12950;12;12952;20;;;12942.5;0.0
1;55300;ASH_COATED_OSMIUM;9993;15;9991;22;;;10008;11;;;;;10001.5;0.0
1;55300;INTARIAN_PEPPER_ROOT;12936;15;;;;;12950;20;12952;19;;;12942.5;0.0
1;55400;ASH_COATED_OSMIUM;9994;2;9991;22;;;10010;10;;;;;10001.5;0.0
1;55400;INTARIAN_PEPPER_ROOT;12937;8;12932;25;;;12948;11;12952;18;;;12942.5;0.0
1;55500;ASH_COATED_OSMIUM;9994;10;9992;28;;;10011;11;;;10017;23;10001.5;0.0
1;55500;INTARIAN_PEPPER_ROOT;12935;12;;;;;12948;11;;;;;12942.0;0.0
1;55600;ASH_COATED_OSMIUM;9994;14;9996;24;;;10011;11;10014;21;;;10001.5;0.0
1;55600;INTARIAN_PEPPER_ROOT;12936;9;12932;23;;;12948;19;12951;23;;;12942.0;0.0
1;55700;ASH_COATED_OSMIUM;9993;13;9992;21;;;10011;12;;;;;10002.0;0.0
1;55700;INTARIAN_PEPPER_ROOT;12940;9;;;;;12944;11;12950;18;;;12942.0;0.0
1;55800;ASH_COATED_OSMIUM;9994;20;9992;21;;;10012;13;10013;24;;;10002.0;0.0
1;55800;INTARIAN_PEPPER_ROOT;12935;9;12933;15;;;12949;10;12951;25;;;12942.0;0.0
1;55900;ASH_COATED_OSMIUM;9994;25;9991;27;;;10005;15;10013;26;;;10001.5;0.0
1;55900;INTARIAN_PEPPER_ROOT;12936;8;12932;19;;;12949;21;12951;17;;;12942.0;0.0
1;56000;ASH_COATED_OSMIUM;9994;12;;;;;10010;25;;;;;10001.5;0.0
1;56000;INTARIAN_PEPPER_ROOT;12935;21;;;;;12950;22;12950;19;;;12941.5;0.0
1;56100;ASH_COATED_OSMIUM;9998;2;;;;;10011;15;10013;26;;;10001.5;0.0
1;56100;INTARIAN_PEPPER_ROOT;12938;10;;;;;12948;8;12952;18;;;12941.5;0.0
1;56200;ASH_COATED_OSMIUM;9993;14;9990;23;;;10009;10;10011;22;;;10001.0;0.0
1;56200;INTARIAN_PEPPER_ROOT;12935;9;12931;20;;;12949;9;12951;24;;;12941.5;0.0
1;56300;ASH_COATED_OSMIUM;9993;14;;;;;10009;15;10012;29;;;10000.5;0.0
1;56300;INTARIAN_PEPPER_ROOT;12936;8;12933;20;;;12949;9;12951;24;;;12941.5;0.0
1;56400;ASH_COATED_OSMIUM;9991;14;;;;;10009;5;10012;20;;;10000.5;0.0
1;56400;INTARIAN_PEPPER_ROOT;12933;11;12934;19;;;12947;11;12946;18;;;12941.5;0.0
1;56500;ASH_COATED_OSMIUM;9992;10;9990;26;;;10009;14;;;;;10001.0;0.0
1;56500;INTARIAN_PEPPER_ROOT;12933;10;;;;;12949;11;12952;22;;;12941.0;0.0
1;56600;ASH_COATED_OSMIUM;9992;10;;;;;10010;15;;;;;10001.0;0.0
1;56600;INTARIAN_PEPPER_ROOT;12936;10;;;12929;18;12947;9;12954;15;;;12941.0;0.0
1;56700;ASH_COATED_OSMIUM;9992;10;9991;24;;;10010;10;10011;24;;;10000.5;0.0
1;56700;INTARIAN_PEPPER_ROOT;12934;10;12930;25;;;12947;12;;;;;12941.0;0.0
1;56800;ASH_COATED_OSMIUM;9991;11;9991;24;;;10009;12;;;;;10001.0;0.0
1;56800;INTARIAN_PEPPER_ROOT;12934;10;12933;16;;;12949;9;;;;;12941.0;0.0
1;56900;ASH_COATED_OSMIUM;9992;12;9990;28;;;10006;12;10011;24;;;10000.5;0.0
1;56900;INTARIAN_PEPPER_ROOT;12935;9;;;;;12946;9;12951;15;;;12940.5;0.0
1;57000;ASH_COATED_OSMIUM;9993;15;;;;;10009;11;10011;20;;;10000.5;0.0
1;57000;INTARIAN_PEPPER_ROOT;12933;10;12931;23;;;12948;8;;;;;12940.5;0.0
1;57100;ASH_COATED_OSMIUM;9995;12;;;;;10010;11;10010;20;;;10000.0;0.0
1;57100;INTARIAN_PEPPER_ROOT;12935;12;12930;19;;;12946;9;;;;;12940.5;0.0
1;57200;ASH_COATED_OSMIUM;9990;12;9989;28;;;10008;13;10010;27;;;10000.0;0.0
1;57200;INTARIAN_PEPPER_ROOT;12935;9;12931;21;;;12947;12;12950;20;;;12940.5;0.0
1;57300;ASH_COATED_OSMIUM;9992;15;9988;25;;;10008;14;10011;29;;;10000.0;0.0
1;57300;INTARIAN_PEPPER_ROOT;12933;8;;;;;12949;9;12952;25;;;12940.5;0.0
1;57400;ASH_COATED_OSMIUM;9993;13;9991;21;;;10009;13;10012;28;10015;29;10000.5;0.0
1;57400;INTARIAN_PEPPER_ROOT;12935;9;;;;;12947;11;12949;11;;;12940.0;0.0
1;57500;ASH_COATED_OSMIUM;9993;12;9990;24;;;10009;10;10012;20;;;10000.5;0.0
1;57500;INTARIAN_PEPPER_ROOT;12933;12;12931;15;;;12948;8;12950;18;;;12940.0;0.0
1;57600;ASH_COATED_OSMIUM;9992;12;9988;20;;;10008;10;10011;30;;;10000.0;0.0
1;57600;INTARIAN_PEPPER_ROOT;12932;11;12930;20;;;12947;12;;;;;12940.0;0.0
1;57700;ASH_COATED_OSMIUM;9993;11;9990;23;;;10009;14;10012;22;;;10000.5;0.0
1;57700;INTARIAN_PEPPER_ROOT;12932;11;12931;23;;;12947;9;12949;24;;;12940.0;0.0
1;57800;ASH_COATED_OSMIUM;9993;25;9986;24;;;10010;10;10012;27;;;10000.5;0.0
1;57800;INTARIAN_PEPPER_ROOT;12934;10;12930;24;;;12946;12;12950;19;;;12940.0;0.0
1;57900;ASH_COATED_OSMIUM;9993;27;;;9986;25;10010;14;10013;20;;;10001.0;0.0
1;57900;INTARIAN_PEPPER_ROOT;12934;9;;;;;12947;8;12950;24;;;12939.5;0.0
1;58000;ASH_COATED_OSMIUM;9994;13;;;;;10007;5;;;;;10001.5;0.0
1;58000;INTARIAN_PEPPER_ROOT;12934;20;12931;25;;;12946;9;12949;16;;;12939.5;0.0
1;58100;ASH_COATED_OSMIUM;9994;10;9991;25;;;10008;10;10012;21;;;10001.5;0.0
1;58100;INTARIAN_PEPPER_ROOT;12933;10;12931;25;;;12947;9;12950;17;;;12939.5;0.0
1;58200;ASH_COATED_OSMIUM;9993;13;9992;22;;;10010;10;;;;;10002.0;0.0
1;58200;INTARIAN_PEPPER_ROOT;12934;12;12929;25;;;12947;11;12948;20;;;12939.5;0.0
1;58300;ASH_COATED_OSMIUM;9994;11;9991;14;;;10010;14;10012;25;;;10002.0;0.0
1;58300;INTARIAN_PEPPER_ROOT;12935;8;;;;;12945;10;12949;24;;;12939.0;0.0
1;58400;ASH_COATED_OSMIUM;9997;10;9991;22;;;10011;15;;;;;10001.5;0.0
1;58400;INTARIAN_PEPPER_ROOT;12930;11;;;;;12947;9;12949;19;;;12939.0;0.0
1;58500;ASH_COATED_OSMIUM;9994;11;9992;24;;;10006;20;10012;27;;;10002.0;0.0
1;58500;INTARIAN_PEPPER_ROOT;12933;9;;;;;12946;10;;;;;12939.0;0.0
1;58600;ASH_COATED_OSMIUM;9993;11;;;;;10009;10;;;;;10001.0;0.0
1;58600;INTARIAN_PEPPER_ROOT;12933;10;12929;22;;;12943;8;12947;20;;;12939.0;0.0
1;58700;ASH_COATED_OSMIUM;9992;15;;;;;10009;10;10011;22;;;10001.0;0.0
1;58700;INTARIAN_PEPPER_ROOT;12932;10;;;;;12946;11;12948;19;;;12939.0;0.0
1;58800;ASH_COATED_OSMIUM;9994;13;9990;26;;;10009;12;10012;28;;;10000.5;0.0
1;58800;INTARIAN_PEPPER_ROOT;12931;9;12929;19;;;12944;18;12950;15;;;12938.5;0.0
1;58900;ASH_COATED_OSMIUM;9993;13;9991;21;;;10009;10;10015;29;;;10001.0;0.0
1;58900;INTARIAN_PEPPER_ROOT;12932;12;12929;21;;;12945;8;12948;25;;;12938.5;0.0
1;59000;ASH_COATED_OSMIUM;9992;13;;;;;10005;10;;;;;10000.5;0.0
1;59000;INTARIAN_PEPPER_ROOT;12931;11;12930;22;;;12941;11;12948;24;;;12938.5;0.0
1;59100;ASH_COATED_OSMIUM;9992;10;;;;;10009;12;10011;30;;;10001.0;0.0
1;59100;INTARIAN_PEPPER_ROOT;12932;9;;;;;12945;9;;;;;12938.5;0.0
1;59200;ASH_COATED_OSMIUM;9991;14;9990;22;;;10010;10;10011;27;;;10000.0;0.0
1;59200;INTARIAN_PEPPER_ROOT;12931;12;;;;;12944;10;12948;25;;;12938.0;0.0
1;59300;ASH_COATED_OSMIUM;9990;10;9989;30;;;10007;10;10009;26;;;9999.0;0.0
1;59300;INTARIAN_PEPPER_ROOT;12932;9;;;;;12946;12;;;;;12938.0;0.0
1;59400;ASH_COATED_OSMIUM;9990;15;9989;27;;;10008;13;;;;;9999.5;0.0
1;59400;INTARIAN_PEPPER_ROOT;12933;9;;;;;12944;11;12947;23;;;12938.0;0.0
1;59500;ASH_COATED_OSMIUM;9991;12;9989;27;;;10008;12;10010;21;;;9999.5;0.0
1;59500;INTARIAN_PEPPER_ROOT;12932;8;12930;19;;;12945;10;12948;20;;;12938.0;0.0
1;59600;ASH_COATED_OSMIUM;9991;30;;;;;10008;30;10012;29;;;10000.0;0.0
1;59600;INTARIAN_PEPPER_ROOT;12932;11;;;12923;21;12945;12;12946;22;;;12938.0;0.0
1;59700;ASH_COATED_OSMIUM;9992;12;9989;30;;;10008;15;;;;;10000.0;0.0
1;59700;INTARIAN_PEPPER_ROOT;12931;10;12929;19;;;12948;9;12947;20;;;12937.5;0.0
1;59800;ASH_COATED_OSMIUM;9993;28;;;;;10009;23;10012;25;;;10000.5;0.0
1;59800;INTARIAN_PEPPER_ROOT;12929;15;12932;19;;;12945;11;12948;24;;;12937.5;0.0
1;59900;ASH_COATED_OSMIUM;9992;26;9989;20;;;10010;13;;;;;10000.0;0.0
1;59900;INTARIAN_PEPPER_ROOT;12930;10;;;;;12945;22;12946;25;;;12937.5;0.0
1;60000;ASH_COATED_OSMIUM;9992;11;;;;;10008;30;10010;24;;;10000.0;0.0
1;60000;INTARIAN_PEPPER_ROOT;12930;8;12930;17;;;12948;8;12948;17;;;12937.5;0.0
1;60100;ASH_COATED_OSMIUM;9996;25;9989;27;;;10009;11;10011;20;;;9999.5;0.0
1;60100;INTARIAN_PEPPER_ROOT;12932;12;12928;15;;;12946;8;12947;21;;;12937.5;0.0
1;60200;ASH_COATED_OSMIUM;9991;12;;;;;10008;15;10012;20;;;10000.0;0.0
1;60200;INTARIAN_PEPPER_ROOT;12932;10;12929;20;;;12945;8;12948;18;;;12937.0;0.0
1;60300;ASH_COATED_OSMIUM;9992;13;9990;25;;;10008;14;10012;26;;;9999.5;0.0
1;60300;INTARIAN_PEPPER_ROOT;12931;11;12929;16;;;12944;10;;;;;12937.0;0.0
1;60400;ASH_COATED_OSMIUM;9992;10;;;;;10009;13;;;;;9999.5;0.0
1;60400;INTARIAN_PEPPER_ROOT;12930;12;;;;;12945;16;12946;20;;;12937.0;0.0
1;60500;ASH_COATED_OSMIUM;9992;10;9990;26;;;10008;13;10010;25;;;9999.5;0.0
1;60500;INTARIAN_PEPPER_ROOT;12930;20;12928;19;;;12944;12;12942;22;;;12937.0;0.0
1;60600;ASH_COATED_OSMIUM;9992;14;9990;22;;;10009;11;10010;20;;;9999.5;0.0
1;60600;INTARIAN_PEPPER_ROOT;12931;11;12927;25;;;12943;11;12947;24;;;12936.5;0.0
1;60700;ASH_COATED_OSMIUM;9991;13;;;;;10009;26;10010;28;;;10000.0;0.0
1;60700;INTARIAN_PEPPER_ROOT;12930;12;;;;;12945;20;12949;24;;;12936.5;0.0
1;60800;ASH_COATED_OSMIUM;9992;28;9991;22;;;10010;10;10011;21;;;10000.5;0.0
1;60800;INTARIAN_PEPPER_ROOT;12927;9;12926;25;;;12943;12;12944;15;;;12936.5;0.0
1;60900;ASH_COATED_OSMIUM;9992;10;9990;20;;;10008;14;;;;;10000.0;0.0
1;60900;INTARIAN_PEPPER_ROOT;12934;10;12928;15;;;12943;10;12946;25;;;12936.5;0.0
1;61000;ASH_COATED_OSMIUM;9991;11;9989;30;;;10008;14;10010;25;;;10000.0;0.0
1;61000;INTARIAN_PEPPER_ROOT;12931;17;12927;19;;;12943;12;12945;21;;;12936.5;0.0
1;61100;ASH_COATED_OSMIUM;9993;14;9989;26;;;10009;12;10011;24;;;10000.5;0.0
1;61100;INTARIAN_PEPPER_ROOT;12935;25;12927;16;;;12943;9;12945;23;;;12936.0;0.0
1;61200;ASH_COATED_OSMIUM;9993;11;9991;29;;;10004;15;10012;21;;;10000.5;0.0
1;61200;INTARIAN_PEPPER_ROOT;12930;8;12932;19;;;12943;9;12946;21;;;12936.0;0.0
1;61300;ASH_COATED_OSMIUM;9993;10;9990;29;;;10009;4;10012;21;;;10001.0;0.0
1;61300;INTARIAN_PEPPER_ROOT;12929;8;12926;17;;;12943;19;12948;21;;;12936.0;0.0
1;61400;ASH_COATED_OSMIUM;9994;12;9991;27;;;10010;11;10012;20;;;10001.5;0.0
1;61400;INTARIAN_PEPPER_ROOT;12934;9;12927;15;;;12942;23;12946;18;;;12936.0;0.0
1;61500;ASH_COATED_OSMIUM;9993;24;;;;;10009;28;10011;28;;;10001.0;0.0
1;61500;INTARIAN_PEPPER_ROOT;12928;10;12926;22;;;12943;8;;;;;12936.0;0.0
1;61600;ASH_COATED_OSMIUM;9994;11;9990;26;;;10010;13;10013;26;;;10001.5;0.0
1;61600;INTARIAN_PEPPER_ROOT;12929;12;12927;17;;;12943;12;;;;;12935.5;0.0
1;61700;ASH_COATED_OSMIUM;9993;15;9991;26;;;10009;14;10011;30;;;10001.0;0.0
1;61700;INTARIAN_PEPPER_ROOT;12928;12;;;;;12941;8;;;;;12935.5;0.0
1;61800;ASH_COATED_OSMIUM;9994;6;9997;25;;;10010;12;;;;;10001.5;0.0
1;61800;INTARIAN_PEPPER_ROOT;12932;10;;;;;12941;9;12945;17;;;12935.5;0.0
1;61900;ASH_COATED_OSMIUM;9997;12;;;;;10010;10;10012;24;;;10001.5;0.0
1;61900;INTARIAN_PEPPER_ROOT;12930;11;12926;15;;;12942;18;12944;22;;;12935.5;0.0
1;62000;ASH_COATED_OSMIUM;9994;23;9991;22;;;10012;11;;;;;10001.5;0.0
1;62000;INTARIAN_PEPPER_ROOT;12929;9;12927;17;;;12942;10;;;;;12935.5;0.0
1;62100;ASH_COATED_OSMIUM;9994;14;;;;;10012;27;10013;24;;;10001.5;0.0
1;62100;INTARIAN_PEPPER_ROOT;12928;10;;;;;12941;8;12943;15;;;12935.0;0.0
1;62200;ASH_COATED_OSMIUM;9994;24;;;;;10010;13;;;;;10001.5;0.0
1;62200;INTARIAN_PEPPER_ROOT;12928;11;12926;18;;;12943;9;12946;19;;;12935.0;0.0
1;62300;ASH_COATED_OSMIUM;9994;23;;;;;10007;15;10013;21;;;10001.5;0.0
1;62300;INTARIAN_PEPPER_ROOT;12932;11;;;;;12942;11;;;;;12935.0;0.0
1;62400;ASH_COATED_OSMIUM;9992;10;9991;30;;;10009;10;;;;;10001.0;0.0
1;62400;INTARIAN_PEPPER_ROOT;12929;8;12926;22;;;12942;18;;;;;12935.0;0.0
1;62500;ASH_COATED_OSMIUM;9994;13;;;;;10010;10;;;;;10001.5;0.0
1;62500;INTARIAN_PEPPER_ROOT;12926;8;12924;17;;;12940;10;;;;;12934.5;0.0
1;62600;ASH_COATED_OSMIUM;9994;21;;;;;10010;15;10016;27;;;10002.0;0.0
1;62600;INTARIAN_PEPPER_ROOT;12926;16;12924;17;;;12940;21;12944;24;12949;16;12934.5;0.0
1;62700;ASH_COATED_OSMIUM;9994;20;;;;;10010;30;10010;27;;;10002.0;0.0
1;62700;INTARIAN_PEPPER_ROOT;12928;12;12925;20;;;12941;12;12944;17;;;12934.5;0.0
1;62800;ASH_COATED_OSMIUM;9993;10;9992;23;;;10010;7;;;;;10002.0;0.0
1;62800;INTARIAN_PEPPER_ROOT;12926;8;12925;17;;;12943;12;12944;19;;;12934.5;0.0
1;62900;ASH_COATED_OSMIUM;9994;30;9989;24;;;10010;13;;;;;10001.5;0.0
1;62900;INTARIAN_PEPPER_ROOT;12928;11;12926;23;;;12942;22;12945;22;;;12934.5;0.0
1;63000;ASH_COATED_OSMIUM;9993;10;9990;24;;;10007;11;;;;;10001.0;0.0
1;63000;INTARIAN_PEPPER_ROOT;12929;24;;;;;12940;10;12944;18;;;12934.0;0.0
1;63100;ASH_COATED_OSMIUM;9994;15;9991;23;;;10010;10;10013;26;;;10001.5;0.0
1;63100;INTARIAN_PEPPER_ROOT;12929;10;12925;24;;;12941;12;12943;20;;;12934.0;0.0
1;63200;ASH_COATED_OSMIUM;9992;14;9990;24;;;10011;12;10013;23;;;10001.5;0.0
1;63200;INTARIAN_PEPPER_ROOT;12929;12;;;;;12943;8;;;;;12934.0;0.0
1;63300;ASH_COATED_OSMIUM;9993;3;;;;;10007;13;10013;21;;;10001.5;0.0
1;63300;INTARIAN_PEPPER_ROOT;12929;12;12924;17;;;12943;8;12943;23;;;12934.0;0.0
1;63400;ASH_COATED_OSMIUM;9994;12;9991;28;;;10011;13;10012;23;;;10002.0;0.0
1;63400;INTARIAN_PEPPER_ROOT;12927;10;12926;25;;;12940;9;12943;20;;;12934.0;0.0
1;63500;ASH_COATED_OSMIUM;9993;13;9991;30;;;10011;15;10013;21;;;10001.5;0.0
1;63500;INTARIAN_PEPPER_ROOT;12928;10;12924;21;;;12940;12;12943;22;;;12933.5;0.0
1;63600;ASH_COATED_OSMIUM;9994;11;;;;;10011;15;;;;;10001.5;0.0
1;63600;INTARIAN_PEPPER_ROOT;12927;11;12924;24;;;12939;11;12943;23;;;12933.5;0.0
1;63700;ASH_COATED_OSMIUM;9992;22;;;;;10011;29;10014;24;;;10001.5;0.0
1;63700;INTARIAN_PEPPER_ROOT;12926;8;;;;;12940;9;12942;21;;;12933.5;0.0
1;63800;ASH_COATED_OSMIUM;9993;15;9991;22;;;10009;9;10012;25;;;10001.0;0.0
1;63800;INTARIAN_PEPPER_ROOT;12927;9;12924;25;;;12938;12;;;;;12933.5;0.0
1;63900;ASH_COATED_OSMIUM;9993;12;;;;;10010;15;;;;;10001.0;0.0
1;63900;INTARIAN_PEPPER_ROOT;12926;11;12924;22;;;12943;12;12941;17;;;12933.0;0.0
1;64000;ASH_COATED_OSMIUM;9991;11;;;;;10010;10;10013;25;10017;25;10001.5;0.0
1;64000;INTARIAN_PEPPER_ROOT;12927;8;12924;20;;;12940;11;12942;23;;;12933.0;0.0
1;64100;ASH_COATED_OSMIUM;9992;9;;;;;10010;12;10014;25;;;10001.5;0.0
1;64100;INTARIAN_PEPPER_ROOT;12927;11;12925;24;;;12939;9;12942;21;;;12933.0;0.0
1;64200;ASH_COATED_OSMIUM;9993;11;9990;28;;;10009;12;10011;25;;;10001.0;0.0
1;64200;INTARIAN_PEPPER_ROOT;12932;11;12924;15;;;12940;9;12944;18;;;12933.0;0.0
1;64300;ASH_COATED_OSMIUM;9993;11;9990;10;;;10011;2;10011;21;;;10001.0;0.0
1;64300;INTARIAN_PEPPER_ROOT;12928;10;;;;;12940;11;12943;23;;;12933.0;0.0
1;64400;ASH_COATED_OSMIUM;9992;20;9990;26;;;10009;14;10011;20;;;10001.0;0.0
1;64400;INTARIAN_PEPPER_ROOT;12926;8;12929;16;;;12934;12;;;;;12932.5;0.0
1;64500;ASH_COATED_OSMIUM;9992;14;;;;;10011;4;10013;21;;;10001.0;0.0
1;64500;INTARIAN_PEPPER_ROOT;12926;12;12923;17;;;12939;23;12942;18;;;12932.5;0.0
1;64600;ASH_COATED_OSMIUM;9993;15;;;;;10009;4;;;;;10000.5;0.0
1;64600;INTARIAN_PEPPER_ROOT;12926;8;12925;18;;;12938;12;;;;;12932.5;0.0
1;64700;ASH_COATED_OSMIUM;9998;14;;;;;10010;15;;;;;10001.0;0.0
1;64700;INTARIAN_PEPPER_ROOT;12926;8;12924;17;;;12939;12;;;;;12932.5;0.0
1;64800;ASH_COATED_OSMIUM;9994;24;9992;28;;;10011;30;10012;25;;;10001.5;0.0
1;64800;INTARIAN_PEPPER_ROOT;12925;9;12921;17;;;12940;22;12941;21;;;12932.5;0.0
1;64900;ASH_COATED_OSMIUM;9994;15;9992;22;;;10010;20;10012;21;;;10001.5;0.0
1;64900;INTARIAN_PEPPER_ROOT;12926;8;12921;15;;;12941;22;;;;;12932.0;0.0
1;65000;ASH_COATED_OSMIUM;9992;14;9991;20;;;10009;12;;;;;10001.0;0.0
1;65000;INTARIAN_PEPPER_ROOT;12925;17;;;;;12939;9;12944;11;;;12932.0;0.0
1;65100;ASH_COATED_OSMIUM;9992;14;9990;24;9986;21;10009;22;10015;24;;;10001.0;0.0
1;65100;INTARIAN_PEPPER_ROOT;12924;10;12924;20;;;12939;10;12940;25;;;12932.0;0.0
1;65200;ASH_COATED_OSMIUM;9992;12;9989;23;;;10009;15;10011;27;;;10001.0;0.0
1;65200;INTARIAN_PEPPER_ROOT;12926;11;;;;;12939;9;12941;20;;;12932.0;0.0
1;65300;ASH_COATED_OSMIUM;9996;11;;;;;10010;14;10011;21;;;10000.5;0.0
1;65300;INTARIAN_PEPPER_ROOT;12926;15;12920;23;;;12938;12;12943;23;;;12931.5;0.0
1;65400;ASH_COATED_OSMIUM;9993;11;;;;;10011;15;10011;23;;;10000.5;0.0
1;65400;INTARIAN_PEPPER_ROOT;12926;10;12924;24;;;12938;12;12942;17;;;12931.5;0.0
1;65500;ASH_COATED_OSMIUM;9992;10;9990;28;;;10008;15;;;;;10000.0;0.0
1;65500;INTARIAN_PEPPER_ROOT;12925;10;12921;21;;;12939;9;;;;;12931.5;0.0
1;65600;ASH_COATED_OSMIUM;9992;10;;;;;10008;24;10010;29;;;9999.5;0.0
1;65600;INTARIAN_PEPPER_ROOT;12925;23;12921;22;;;12937;11;12942;20;;;12931.5;0.0
1;65700;ASH_COATED_OSMIUM;9989;10;9990;25;;;10008;13;10011;27;;;9999.5;0.0
1;65700;INTARIAN_PEPPER_ROOT;12926;9;12923;19;;;12937;12;12940;16;;;12931.5;0.0
1;65800;ASH_COATED_OSMIUM;9995;15;;;;;10010;15;;;;;10000.0;0.0
1;65800;INTARIAN_PEPPER_ROOT;12924;22;;;;;12938;22;12941;23;;;12931.0;0.0
1;65900;ASH_COATED_OSMIUM;9993;14;9990;24;;;10009;10;;;10014;23;10000.5;0.0
1;65900;INTARIAN_PEPPER_ROOT;12925;12;;;;;12938;12;;;;;12931.0;0.0
1;66000;ASH_COATED_OSMIUM;9991;11;9990;28;;;10008;15;10011;27;;;10000.0;0.0
1;66000;INTARIAN_PEPPER_ROOT;12924;15;12922;24;;;12941;10;;;;;12931.0;0.0
1;66100;ASH_COATED_OSMIUM;9991;13;;;;;10009;11;10012;28;;;10000.5;0.0
1;66100;INTARIAN_PEPPER_ROOT;12925;12;12922;12;;;12939;12;12939;24;;;12931.0;0.0
1;66200;ASH_COATED_OSMIUM;9993;15;;;;;10010;10;;;;;10000.5;0.0
1;66200;INTARIAN_PEPPER_ROOT;12924;8;;;;;12938;18;12942;25;;;12930.5;0.0
1;66300;ASH_COATED_OSMIUM;9993;11;9991;28;;;10009;12;10007;30;;;10000.5;0.0
1;66300;INTARIAN_PEPPER_ROOT;12923;12;12921;24;;;12937;10;12940;21;;;12930.5;0.0
1;66400;ASH_COATED_OSMIUM;9991;15;9991;30;;;10010;13;10012;30;;;10000.5;0.0
1;66400;INTARIAN_PEPPER_ROOT;12925;11;12922;20;;;12938;11;12938;15;;;12930.5;0.0
1;66500;ASH_COATED_OSMIUM;9996;10;9991;23;;;10004;14;10012;30;;;10001.0;0.0
1;66500;INTARIAN_PEPPER_ROOT;12924;11;;;;;12940;9;12939;16;;;12930.5;0.0
1;66600;ASH_COATED_OSMIUM;9993;29;9990;26;;;10010;12;10012;25;;;10001.0;0.0
1;66600;INTARIAN_PEPPER_ROOT;12923;8;12922;21;;;12937;11;;;;;12930.5;0.0
1;66700;ASH_COATED_OSMIUM;9993;14;9989;22;;;10006;14;10011;21;;;10000.5;0.0
1;66700;INTARIAN_PEPPER_ROOT;12929;11;12920;15;;;12937;9;12939;23;;;12930.0;0.0
1;66800;ASH_COATED_OSMIUM;9991;14;9996;22;;;10009;10;;;;;10000.5;0.0
1;66800;INTARIAN_PEPPER_ROOT;12924;9;12921;15;;;12932;10;12941;19;;;12930.0;0.0
1;66900;ASH_COATED_OSMIUM;9991;11;9990;30;9984;26;10009;15;10008;23;;;10000.0;0.0
1;66900;INTARIAN_PEPPER_ROOT;12923;22;12921;19;;;12936;8;;;;;12930.0;0.0
1;67000;ASH_COATED_OSMIUM;9992;22;9989;29;;;10008;13;;;;;10000.0;0.0
1;67000;INTARIAN_PEPPER_ROOT;12923;8;12921;21;;;12938;10;12940;17;;;12930.0;0.0
1;67100;ASH_COATED_OSMIUM;9991;13;9991;15;;;10009;15;10011;14;;;10000.5;0.0
1;67100;INTARIAN_PEPPER_ROOT;12924;11;;;;;12936;5;12941;18;;;12930.0;0.0
1;67200;ASH_COATED_OSMIUM;9992;10;9988;21;;;10009;27;10012;30;;;10000.0;0.0
1;67200;INTARIAN_PEPPER_ROOT;12923;16;;;;;12936;9;;;;;12929.5;0.0
1;67300;ASH_COATED_OSMIUM;9992;29;9989;22;;;10008;11;;;;;10000.0;0.0
1;67300;INTARIAN_PEPPER_ROOT;12923;12;;;;;12936;11;12941;20;;;12929.5;0.0
1;67400;ASH_COATED_OSMIUM;9992;10;;;;;10008;10;10011;28;;;10000.0;0.0
1;67400;INTARIAN_PEPPER_ROOT;12928;8;12921;15;;;12937;11;12939;25;;;12929.5;0.0
1;67500;ASH_COATED_OSMIUM;9993;11;;;;;10009;12;10011;22;;;10000.5;0.0
