day;timestamp;product;bid_price_1;bid_volume_1;bid_price_2;bid_volume_2;bid_price_3;bid_volume_3;ask_price_1;ask_volume_1;ask_price_2;ask_volume_2;ask_price_3;ask_volume_3;mid_price;profit_and_loss
2;0;ASH_COATED_OSMIUM;9992;10;;;;;10009;15;;;;;10000.0;0.0
2;0;INTARIAN_PEPPER_ROOT;11778;10;11772;20;;;11791;6;11794;24;;;11783.5;0.0
2;100;ASH_COATED_OSMIUM;9993;10;;;;;10011;11;10011;20;;;10000.5;0.0
2;100;INTARIAN_PEPPER_ROOT;11776;10;11774;18;;;11791;12;;;;;11783.5;0.0
2;200;ASH_COATED_OSMIUM;9992;13;9989;23;;;10010;15;10011;25;;;10000.0;0.0
2;200;INTARIAN_PEPPER_ROOT;11776;10;11773;25;;;11792;9;11794;17;;;11783.5;0.0
2;300;ASH_COATED_OSMIUM;9991;15;9989;25;;;10008;10;10006;27;;;10000.0;0.0
2;300;INTARIAN_PEPPER_ROOT;11775;12;;;;;11790;12;11791;15;;;11783.0;0.0
2;400;ASH_COATED_OSMIUM;9994;11;9990;20;;;10008;12;;;;;9999.5;0.0
2;400;INTARIAN_PEPPER_ROOT;11777;8;11773;16;;;11789;16;11791;15;;;11783.0;0.0
2;500;ASH_COATED_OSMIUM;9990;11;9990;22;;;10008;29;10010;25;;;9999.5;0.0
2;500;INTARIAN_PEPPER_ROOT;11776;12;;;;;11785;16;11793;17;;;11783.0;0.0
2;600;ASH_COATED_OSMIUM;9991;13;;;;;10009;15;10011;25;;;9999.5;0.0
2;600;INTARIAN_PEPPER_ROOT;11778;12;11774;20;;;11789;23;;;;;11783.0;0.0
2;700;ASH_COATED_OSMIUM;9990;13;;;;;10008;10;;;;;9999.0;0.0
2;700;INTARIAN_PEPPER_ROOT;11775;9;11773;18;;;11789;22;11792;23;;;11783.0;0.0
2;800;ASH_COATED_OSMIUM;9991;11;9989;26;;;10007;13;10010;22;;;9999.0;0.0
2;800;INTARIAN_PEPPER_ROOT;11778;9;11773;22;;;11789;8;11792;22;;;11783.0;0.0
2;900;ASH_COATED_OSMIUM;9991;13;9994;28;;;10008;7;10011;30;;;9999.5;0.0
2;900;INTARIAN_PEPPER_ROOT;11778;9;;;;;11791;8;11793;18;;;11783.0;0.0
2;1000;ASH_COATED_OSMIUM;9991;11;9989;21;;;10010;11;10011;29;;;10000.0;0.0
2;1000;INTARIAN_PEPPER_ROOT;11776;12;;;;;11790;8;;;;;11783.0;0.0
2;1100;ASH_COATED_OSMIUM;9991;11;;;;;10010;12;10011;25;;;10000.5;0.0
2;1100;INTARIAN_PEPPER_ROOT;11778;10;;;;;11791;11;11793;24;;;11783.0;0.0
2;1200;ASH_COATED_OSMIUM;9993;25;;;;;10011;13;;;;;10001.0;0.0
2;1200;INTARIAN_PEPPER_ROOT;11780;9;;;;;11790;12;;;;;11783.0;0.0
2;1300;ASH_COATED_OSMIUM;9993;10;9989;25;;;10009;2;;;;;10000.5;0.0
2;1300;INTARIAN_PEPPER_ROOT;11776;15;11772;21;;;11788;10;11794;15;;;11782.5;0.0
2;1400;ASH_COATED_OSMIUM;9992;23;9990;28;;;10011;15;10013;20;;;10001.5;0.0
2;1400;INTARIAN_PEPPER_ROOT;11775;12;11774;18;;;11789;11;11792;25;;;11782.5;0.0
2;1500;ASH_COATED_OSMIUM;9994;12;;;;;10011;12;10012;30;;;10002.0;0.0
2;1500;INTARIAN_PEPPER_ROOT;11776;11;;;;;11789;11;;;;;11782.5;0.0
2;1600;ASH_COATED_OSMIUM;9998;10;9992;20;;;10011;14;10014;25;;;10002.5;0.0
2;1600;INTARIAN_PEPPER_ROOT;11777;12;;;;;11791;10;11790;21;;;11782.5;0.0
2;1700;ASH_COATED_OSMIUM;9994;14;9992;25;;;10010;12;10012;22;;;10002.0;0.0
2;1700;INTARIAN_PEPPER_ROOT;11777;11;11773;25;;;11790;21;;;;;11782.5;0.0
2;1800;ASH_COATED_OSMIUM;9993;12;9991;23;;;10010;12;;;;;10002.0;0.0
2;1800;INTARIAN_PEPPER_ROOT;11776;10;11773;18;;;11789;11;11792;22;;;11782.5;0.0
2;1900;ASH_COATED_OSMIUM;9994;12;9991;24;;;10007;13;10012;24;;;10001.5;0.0
2;1900;INTARIAN_PEPPER_ROOT;11777;11;11773;20;;;11789;19;;;;;11782.5;0.0
2;2000;ASH_COATED_OSMIUM;9994;13;9992;26;;;10010;11;10013;22;;;10001.5;0.0
2;2000;INTARIAN_PEPPER_ROOT;11778;25;11773;22;;;11789;8;11793;20;11797;16;11782.5;0.0
2;2100;ASH_COATED_OSMIUM;9994;10;9992;11;;;10010;12;;;;;10001.5;0.0
2;2100;INTARIAN_PEPPER_ROOT;11776;11;11773;24;;;11789;8;11791;18;;;11782.5;0.0
2;2200;ASH_COATED_OSMIUM;9992;21;9991;11;;;10011;10;10013;29;;;10001.5;0.0
2;2200;INTARIAN_PEPPER_ROOT;11773;16;11774;22;;;11790;8;;;;;11782.5;0.0
2;2300;ASH_COATED_OSMIUM;9998;14;9992;30;;;10010;13;;;;;10002.0;0.0
2;2300;INTARIAN_PEPPER_ROOT;11776;12;;;;;11789;9;11792;22;;;11782.5;0.0
2;2400;ASH_COATED_OSMIUM;9994;10;9991;29;;;10012;12;10012;22;;;10002.0;0.0
2;2400;INTARIAN_PEPPER_ROOT;11777;19;11771;15;;;11790;10;;;;;11782.0;0.0
2;2500;ASH_COATED_OSMIUM;9997;13;9993;28;;;10012;13;10013;25;;;10002.5;0.0
2;2500;INTARIAN_PEPPER_ROOT;11776;10;11773;18;;;11788;11;11792;9;;;11782.0;0.0
2;2600;ASH_COATED_OSMIUM;9993;11;;;;;10010;10;10008;12;;;10002.0;0.0
2;2600;INTARIAN_PEPPER_ROOT;11774;23;11773;20;;;11788;11;11791;19;;;11782.0;0.0
2;2700;ASH_COATED_OSMIUM;9993;27;9991;25;;;10009;14;10011;22;;;10001.0;0.0
2;2700;INTARIAN_PEPPER_ROOT;11775;12;11773;23;;;11789;10;11792;16;;;11782.0;0.0
2;2800;ASH_COATED_OSMIUM;9999;12;9992;28;;;10010;13;;;;;10001.5;0.0
2;2800;INTARIAN_PEPPER_ROOT;11776;11;11773;16;;;11788;11;11794;25;;;11782.0;0.0
2;2900;ASH_COATED_OSMIUM;9994;21;;;;;10011;13;10012;24;;;10001.5;0.0
2;2900;INTARIAN_PEPPER_ROOT;11775;8;;;;;11791;8;11792;17;;;11782.0;0.0
2;3000;ASH_COATED_OSMIUM;9992;25;;;;;10011;26;;;;;10001.5;0.0
2;3000;INTARIAN_PEPPER_ROOT;11776;11;11770;23;;;11789;9;11792;19;11793;22;11782.0;0.0
2;3100;ASH_COATED_OSMIUM;9994;12;;;;;10010;20;;;;;10001.5;0.0
2;3100;INTARIAN_PEPPER_ROOT;11776;11;11773;15;;;11789;11;;;;;11782.0;0.0
2;3200;ASH_COATED_OSMIUM;9993;10;9990;24;;;10009;13;;;10015;30;10001.0;0.0
2;3200;INTARIAN_PEPPER_ROOT;11776;8;;;;;11790;10;11792;24;;;11782.0;0.0
2;3300;ASH_COATED_OSMIUM;9993;10;9990;21;;;10010;6;10011;21;;;10000.5;0.0
2;3300;INTARIAN_PEPPER_ROOT;11774;9;11773;18;;;11788;11;11793;20;;;11782.0;0.0
2;3400;ASH_COATED_OSMIUM;9992;29;9990;29;;;10011;2;10012;24;;;10000.5;0.0
2;3400;INTARIAN_PEPPER_ROOT;11775;12;11773;19;;;11788;9;11790;18;;;11781.5;0.0
2;3500;ASH_COATED_OSMIUM;9993;11;;;;;10004;27;10011;28;;;10000.5;0.0
2;3500;INTARIAN_PEPPER_ROOT;11776;17;11772;22;;;11788;8;;;;;11781.5;0.0
2;3600;ASH_COATED_OSMIUM;9993;21;;;;;10009;25;;;;;10001.0;0.0
2;3600;INTARIAN_PEPPER_ROOT;11776;25;;;;;11787;10;;;;;11781.5;0.0
2;3700;ASH_COATED_OSMIUM;9995;15;9991;22;;;10009;15;;;;;10000.5;0.0
2;3700;INTARIAN_PEPPER_ROOT;11776;24;11770;25;;;11788;9;11790;21;;;11781.5;0.0
2;3800;ASH_COATED_OSMIUM;9993;21;9991;22;;;10009;30;10011;23;;;10001.0;0.0
2;3800;INTARIAN_PEPPER_ROOT;11775;20;;;;;11789;15;;;;;11781.5;0.0
2;3900;ASH_COATED_OSMIUM;9992;12;9990;27;;;10008;20;;;;;10000.0;0.0
2;3900;INTARIAN_PEPPER_ROOT;11774;8;11771;17;;;11788;12;11793;25;;;11781.5;0.0
2;4000;ASH_COATED_OSMIUM;9992;15;9988;24;;;10008;14;10011;23;;;9999.5;0.0
2;4000;INTARIAN_PEPPER_ROOT;11776;11;11773;23;;;11789;21;11791;18;;;11781.5;0.0
2;4100;ASH_COATED_OSMIUM;9991;29;;;;;10009;22;10011;30;10013;20;9999.5;0.0
2;4100;INTARIAN_PEPPER_ROOT;11775;12;;;;;11788;9;;;;;11781.5;0.0
2;4200;ASH_COATED_OSMIUM;9992;10;;;;;10008;14;;;;;10000.0;0.0
2;4200;INTARIAN_PEPPER_ROOT;11775;8;11774;25;;;11789;8;;;;;11781.5;0.0
2;4300;ASH_COATED_OSMIUM;9992;11;;;;;10008;15;;;;;10000.0;0.0
2;4300;INTARIAN_PEPPER_ROOT;11776;9;;;;;11788;11;;;;;11781.5;0.0
2;4400;ASH_COATED_OSMIUM;9991;14;;;;;10008;12;10012;11;;;9999.5;0.0
2;4400;INTARIAN_PEPPER_ROOT;11774;8;;;;;11789;11;11792;17;;;11781.0;0.0
2;4500;ASH_COATED_OSMIUM;9992;8;9995;20;;;10009;27;;;;;9999.5;0.0
2;4500;INTARIAN_PEPPER_ROOT;11780;9;11772;20;;;11788;17;11790;24;;;11781.0;0.0
2;4600;ASH_COATED_OSMIUM;9992;12;;;;;10009;10;10010;27;;;9999.5;0.0
2;4600;INTARIAN_PEPPER_ROOT;11775;25;11771;20;11768;17;11787;12;11790;17;;;11781.0;0.0
2;4700;ASH_COATED_OSMIUM;9991;24;9988;22;;;10008;27;10011;26;;;9999.5;0.0
2;4700;INTARIAN_PEPPER_ROOT;11775;12;11773;16;;;11788;10;11791;16;;;11781.0;0.0
2;4800;ASH_COATED_OSMIUM;9991;14;9989;22;;;10009;30;10010;20;;;9999.0;0.0
2;4800;INTARIAN_PEPPER_ROOT;11775;11;11772;16;;;11787;8;11790;18;;;11781.0;0.0
2;4900;ASH_COATED_OSMIUM;9990;10;;;;;10007;27;10009;24;;;9999.0;0.0
2;4900;INTARIAN_PEPPER_ROOT;11775;8;;;;;11788;18;11791;19;;;11781.0;0.0
2;5000;ASH_COATED_OSMIUM;9992;13;;;;;10008;12;;;;;9999.5;0.0
2;5000;INTARIAN_PEPPER_ROOT;11773;9;;;;;11788;6;11791;21;;;11781.0;0.0
2;5100;ASH_COATED_OSMIUM;9992;12;9989;11;;;10008;15;;;;;9999.5;0.0
2;5100;INTARIAN_PEPPER_ROOT;11776;11;11772;23;;;11787;12;11791;17;;;11781.0;0.0
2;5200;ASH_COATED_OSMIUM;9991;14;9990;26;9987;26;10010;12;10010;23;;;10000.0;0.0
2;5200;INTARIAN_PEPPER_ROOT;11776;12;;;;;11787;19;11790;24;;;11781.0;0.0
2;5300;ASH_COATED_OSMIUM;9993;25;;;;;10009;2;;;;;10000.5;0.0
2;5300;INTARIAN_PEPPER_ROOT;11775;12;11772;15;;;11787;19;11791;22;;;11781.0;0.0
2;5400;ASH_COATED_OSMIUM;9992;14;9990;20;;;10009;14;10010;30;;;9999.5;0.0
2;5400;INTARIAN_PEPPER_ROOT;11773;21;;;;;11787;12;11791;25;;;11780.5;0.0
2;5500;ASH_COATED_OSMIUM;9990;12;9988;20;;;10008;11;10009;21;;;9999.0;0.0
2;5500;INTARIAN_PEPPER_ROOT;11773;7;11771;18;;;11787;10;;;;;11780.5;0.0
2;5600;ASH_COATED_OSMIUM;9988;14;9989;27;;;10008;11;10010;26;;;9998.5;0.0
2;5600;INTARIAN_PEPPER_ROOT;11775;12;11772;18;;;11787;11;11790;17;;;11780.5;0.0
2;5700;ASH_COATED_OSMIUM;9991;11;9988;25;;;10007;10;;;;;9999.0;0.0
2;5700;INTARIAN_PEPPER_ROOT;11775;10;11771;21;;;11786;8;11789;24;;;11780.5;0.0
2;5800;ASH_COATED_OSMIUM;9991;14;9988;28;;;10007;22;10009;24;;;9998.5;0.0
2;5800;INTARIAN_PEPPER_ROOT;11772;11;11771;17;;;11789;8;11789;16;;;11780.5;0.0
2;5900;ASH_COATED_OSMIUM;9991;12;9987;25;;;10010;13;;;;;9999.0;0.0
2;5900;INTARIAN_PEPPER_ROOT;11775;12;11769;15;;;11789;12;11789;22;;;11780.5;0.0
2;6000;ASH_COATED_OSMIUM;9990;13;9988;25;;;10008;4;10010;20;;;9999.0;0.0
2;6000;INTARIAN_PEPPER_ROOT;11774;11;;;;;11782;24;11790;16;;;11780.5;0.0
2;6100;ASH_COATED_OSMIUM;9992;11;9990;22;;;10008;14;;;;;9999.5;0.0
2;6100;INTARIAN_PEPPER_ROOT;11773;11;11771;17;;;11788;8;;;;;11780.5;0.0
2;6200;ASH_COATED_OSMIUM;9992;13;9990;26;;;10003;14;;;;;10000.0;0.0
2;6200;INTARIAN_PEPPER_ROOT;11775;12;11772;21;;;11788;10;11789;17;;;11780.5;0.0
2;6300;ASH_COATED_OSMIUM;9993;15;9991;29;;;10009;13;;;;;10000.5;0.0
2;6300;INTARIAN_PEPPER_ROOT;11774;9;11771;20;;;11786;9;11789;20;;;11780.0;0.0
2;6400;ASH_COATED_OSMIUM;9991;12;9990;29;;;10010;14;;;;;10000.5;0.0
2;6400;INTARIAN_PEPPER_ROOT;11774;8;11770;21;;;11787;9;11790;15;;;11780.0;0.0
2;6500;ASH_COATED_OSMIUM;9998;14;9990;30;;;10004;14;;;;;10000.5;0.0
2;6500;INTARIAN_PEPPER_ROOT;11774;11;;;;;11787;11;11789;16;;;11780.0;0.0
2;6600;ASH_COATED_OSMIUM;9993;2;9989;21;;;10010;13;10012;21;;;10000.5;0.0
2;6600;INTARIAN_PEPPER_ROOT;11773;10;11776;17;;;11786;12;;;;;11780.0;0.0
2;6700;ASH_COATED_OSMIUM;9992;25;9989;24;9987;24;10008;14;10011;20;;;10000.0;0.0
2;6700;INTARIAN_PEPPER_ROOT;11774;9;11771;17;;;11786;20;;;;;11780.0;0.0
2;6800;ASH_COATED_OSMIUM;9991;12;;;;;10010;10;10012;26;;;10000.0;0.0
2;6800;INTARIAN_PEPPER_ROOT;11777;8;11769;20;;;11786;12;11788;17;;;11780.0;0.0
2;6900;ASH_COATED_OSMIUM;9992;11;9989;24;;;10008;11;10011;20;10014;20;10000.0;0.0
2;6900;INTARIAN_PEPPER_ROOT;11774;19;;;;;11787;9;11789;21;;;11780.0;0.0
2;7000;ASH_COATED_OSMIUM;9992;14;9989;25;;;10008;10;10012;30;;;10000.0;0.0
2;7000;INTARIAN_PEPPER_ROOT;11773;10;11771;19;;;11787;12;11791;24;;;11780.0;0.0
2;7100;ASH_COATED_OSMIUM;9994;14;;;;;10011;8;;;;;10001.5;0.0
2;7100;INTARIAN_PEPPER_ROOT;11779;23;;;;;11787;9;;;;;11780.0;0.0
2;7200;ASH_COATED_OSMIUM;9992;22;;;;;10010;12;10011;29;;;10001.0;0.0
2;7200;INTARIAN_PEPPER_ROOT;11774;25;11772;22;;;11788;9;;;;;11780.0;0.0
2;7300;ASH_COATED_OSMIUM;9993;11;;;;;10009;15;10007;27;;;10000.5;0.0
2;7300;INTARIAN_PEPPER_ROOT;11773;9;11771;23;;;11786;9;;;;;11780.0;0.0
2;7400;ASH_COATED_OSMIUM;9998;10;9996;30;;;10009;14;10012;23;;;10001.0;0.0
2;7400;INTARIAN_PEPPER_ROOT;11774;10;11770;15;;;11786;22;11791;21;;;11779.5;0.0
2;7500;ASH_COATED_OSMIUM;9993;14;9990;21;;;10010;14;;;;;10001.0;0.0
2;7500;INTARIAN_PEPPER_ROOT;11774;12;;;;;11786;8;11788;16;;;11779.5;0.0
2;7600;ASH_COATED_OSMIUM;9992;15;9990;20;;;10009;12;;;;;10001.0;0.0
2;7600;INTARIAN_PEPPER_ROOT;11774;8;11772;25;;;11788;12;11789;22;;;11779.5;0.0
2;7700;ASH_COATED_OSMIUM;9992;11;9989;27;;;10010;24;10012;20;;;10001.0;0.0
2;7700;INTARIAN_PEPPER_ROOT;11774;22;11770;22;;;11787;12;;;;;11779.5;0.0
2;7800;ASH_COATED_OSMIUM;9996;12;9990;23;;;10009;12;10012;13;;;10001.0;0.0
2;7800;INTARIAN_PEPPER_ROOT;11773;12;11770;19;;;11786;10;11789;25;;;11779.5;0.0
2;7900;ASH_COATED_OSMIUM;9992;13;9992;30;;;10011;10;10013;28;;;10001.5;0.0
2;7900;INTARIAN_PEPPER_ROOT;11773;11;11770;18;;;11787;11;11791;19;;;11779.5;0.0
2;8000;ASH_COATED_OSMIUM;9994;14;9992;26;;;10011;13;10012;30;;;10002.0;0.0
2;8000;INTARIAN_PEPPER_ROOT;11773;8;;;;;11788;11;11790;19;;;11779.5;0.0
2;8100;ASH_COATED_OSMIUM;9995;12;;;;;10012;11;10013;20;;;10002.0;0.0
2;8100;INTARIAN_PEPPER_ROOT;11774;21;11770;24;;;11787;12;;;;;11779.5;0.0
2;8200;ASH_COATED_OSMIUM;9993;15;;;;;10010;13;10012;22;10015;23;10001.5;0.0
2;8200;INTARIAN_PEPPER_ROOT;11772;8;11770;25;;;11786;9;;;;;11779.5;0.0
2;8300;ASH_COATED_OSMIUM;9993;11;;;;;10010;15;10013;26;;;10001.5;0.0
2;8300;INTARIAN_PEPPER_ROOT;11774;12;11771;17;;;11786;12;;;;;11779.5;0.0
2;8400;ASH_COATED_OSMIUM;9993;12;;;;;10009;12;10011;20;;;10001.0;0.0
2;8400;INTARIAN_PEPPER_ROOT;11773;10;11771;21;;;11787;12;11788;18;;;11779.0;0.0
2;8500;ASH_COATED_OSMIUM;9993;14;9990;20;;;10009;11;10012;20;;;10001.0;0.0
2;8500;INTARIAN_PEPPER_ROOT;11774;12;;;;;11785;10;11791;17;;;11779.0;0.0
2;8600;ASH_COATED_OSMIUM;9996;15;9990;20;;;10009;12;;;;;10000.5;0.0
2;8600;INTARIAN_PEPPER_ROOT;11773;17;11771;12;;;11786;8;;;;;11779.0;0.0
2;8700;ASH_COATED_OSMIUM;9994;12;9990;23;;;10008;15;10011;24;;;10000.0;0.0
2;8700;INTARIAN_PEPPER_ROOT;11773;9;;;;;11786;12;;;;;11779.0;0.0
2;8800;ASH_COATED_OSMIUM;9990;15;9992;30;;;10008;14;;;;;9999.5;0.0
2;8800;INTARIAN_PEPPER_ROOT;11774;10;11770;22;;;11786;12;11792;17;;;11779.0;0.0
2;8900;ASH_COATED_OSMIUM;9990;10;9989;13;;;10007;23;10010;26;;;9999.0;0.0
2;8900;INTARIAN_PEPPER_ROOT;11773;16;11771;20;;;11788;23;;;;;11779.0;0.0
2;9000;ASH_COATED_OSMIUM;9992;14;;;;;10008;14;;;;;9999.5;0.0
2;9000;INTARIAN_PEPPER_ROOT;11772;11;11770;18;;;11785;12;;;;;11779.0;0.0
2;9100;ASH_COATED_OSMIUM;9997;10;9989;25;;;10008;10;;;;;9999.5;0.0
2;9100;INTARIAN_PEPPER_ROOT;11772;10;;;;;11787;19;;;;;11779.0;0.0
2;9200;ASH_COATED_OSMIUM;9991;12;;;;;10007;15;10009;30;;;9999.0;0.0
2;9200;INTARIAN_PEPPER_ROOT;11773;10;11771;21;;;11787;9;11789;15;;;11779.0;0.0
2;9300;ASH_COATED_OSMIUM;9992;12;9989;26;;;10008;13;;;;;9999.5;0.0
2;9300;INTARIAN_PEPPER_ROOT;11772;8;11769;22;;;11781;10;11787;18;;;11779.0;0.0
2;9400;ASH_COATED_OSMIUM;9992;5;9990;27;;;10009;11;10012;29;;;10000.0;0.0
2;9400;INTARIAN_PEPPER_ROOT;11773;9;11770;22;;;11788;8;11790;21;;;11779.0;0.0
2;9500;ASH_COATED_OSMIUM;9995;15;9989;22;;;10004;11;;;;;10000.0;0.0
2;9500;INTARIAN_PEPPER_ROOT;11771;18;;;;;11785;12;;;;;11778.5;0.0
2;9600;ASH_COATED_OSMIUM;9990;12;9990;22;;;10007;10;10010;30;;;9999.5;0.0
2;9600;INTARIAN_PEPPER_ROOT;11773;10;11768;25;;;11786;21;11788;9;;;11778.5;0.0
2;9700;ASH_COATED_OSMIUM;9992;14;9989;28;;;10008;10;10012;11;;;10000.0;0.0
2;9700;INTARIAN_PEPPER_ROOT;11772;11;11770;15;;;11786;9;11786;20;;;11778.5;0.0
2;9800;ASH_COATED_OSMIUM;9991;11;;;;;10007;10;10010;29;;;9999.0;0.0
2;9800;INTARIAN_PEPPER_ROOT;11770;12;;;;;11785;9;;;;;11778.5;0.0
2;9900;ASH_COATED_OSMIUM;9990;13;;;;;10009;25;10009;26;;;9999.0;0.0
2;9900;INTARIAN_PEPPER_ROOT;11772;9;11770;24;;;11785;8;11788;23;;;11778.5;0.0
2;10000;ASH_COATED_OSMIUM;9991;11;9988;21;;;10007;13;10010;27;;;9999.0;0.0
2;10000;INTARIAN_PEPPER_ROOT;11769;11;11769;17;;;11787;10;11791;19;;;11778.5;0.0
2;10100;ASH_COATED_OSMIUM;9992;11;;;;;10009;11;10010;25;;;9999.5;0.0
2;10100;INTARIAN_PEPPER_ROOT;11773;12;;;;;11780;12;;;;;11778.5;0.0
2;10200;ASH_COATED_OSMIUM;9991;21;;;;;10007;12;10011;21;;;9999.0;0.0
2;10200;INTARIAN_PEPPER_ROOT;11773;12;;;;;11785;10;11789;20;;;11778.5;0.0
2;10300;ASH_COATED_OSMIUM;9992;12;;;;;10008;14;10010;25;;;9999.5;0.0
2;10300;INTARIAN_PEPPER_ROOT;11773;12;11768;18;;;11786;10;;;;;11778.5;0.0
2;10400;ASH_COATED_OSMIUM;9992;13;;;;;10008;13;;;;;9999.5;0.0
2;10400;INTARIAN_PEPPER_ROOT;11771;11;;;;;11788;8;11788;16;;;11778.5;0.0
2;10500;ASH_COATED_OSMIUM;9998;12;;;;;10009;12;;;;;10000.5;0.0
2;10500;INTARIAN_PEPPER_ROOT;11772;11;;;;;11784;9;11787;25;;;11778.5;0.0
2;10600;ASH_COATED_OSMIUM;9993;23;;;;;10009;24;10011;26;;;10001.0;0.0
2;10600;INTARIAN_PEPPER_ROOT;11773;11;11769;22;;;11784;11;11786;18;;;11778.0;0.0
2;10700;ASH_COATED_OSMIUM;9994;13;;;;;10011;13;10012;24;;;10001.5;0.0
2;10700;INTARIAN_PEPPER_ROOT;11774;24;11769;16;;;11784;12;11787;21;;;11778.0;0.0
2;10800;ASH_COATED_OSMIUM;9993;12;9989;23;;;10012;14;10012;26;;;10001.0;0.0
2;10800;INTARIAN_PEPPER_ROOT;11772;12;11769;20;;;11784;8;;;;;11778.0;0.0
2;10900;ASH_COATED_OSMIUM;9993;11;9991;30;;;10009;14;10016;20;;;10001.0;0.0
2;10900;INTARIAN_PEPPER_ROOT;11772;18;11768;17;;;11786;15;11788;20;;;11778.0;0.0
2;11000;ASH_COATED_OSMIUM;9991;15;9991;26;;;10010;14;10011;24;;;10000.5;0.0
2;11000;INTARIAN_PEPPER_ROOT;11771;8;11769;18;;;11784;11;11788;19;;;11778.0;0.0
2;11100;ASH_COATED_OSMIUM;9992;15;9987;23;;;10008;14;10010;29;;;10000.0;0.0
2;11100;INTARIAN_PEPPER_ROOT;11777;11;11768;15;;;11785;10;;;;;11778.0;0.0
2;11200;ASH_COATED_OSMIUM;9992;12;9990;23;;;10008;23;10011;14;;;10000.0;0.0
2;11200;INTARIAN_PEPPER_ROOT;11772;12;11771;8;;;11785;9;;;;;11778.0;0.0
2;11300;ASH_COATED_OSMIUM;9992;10;9989;23;;;10008;11;;;;;10000.0;0.0
2;11300;INTARIAN_PEPPER_ROOT;11772;8;;;;;11786;25;11789;19;;;11778.0;0.0
2;11400;ASH_COATED_OSMIUM;9993;13;9989;21;;;10010;11;10012;28;;;10000.5;0.0
2;11400;INTARIAN_PEPPER_ROOT;11771;10;;;;;11785;9;;;;;11778.0;0.0
2;11500;ASH_COATED_OSMIUM;9993;10;;;9988;29;10009;11;;;;;10001.0;0.0
2;11500;INTARIAN_PEPPER_ROOT;11773;11;;;;;11785;12;;;;;11778.0;0.0
2;11600;ASH_COATED_OSMIUM;9992;29;9990;23;;;10009;28;10011;26;;;10001.0;0.0
2;11600;INTARIAN_PEPPER_ROOT;11772;18;11768;16;;;11784;11;11786;15;;;11777.5;0.0
2;11700;ASH_COATED_OSMIUM;9994;10;;;;;10010;10;10012;24;;;10001.5;0.0
2;11700;INTARIAN_PEPPER_ROOT;11776;12;11768;22;;;11785;8;11787;16;;;11777.5;0.0
2;11800;ASH_COATED_OSMIUM;9997;27;9991;11;;;10010;15;10013;26;;;10001.5;0.0
2;11800;INTARIAN_PEPPER_ROOT;11771;8;11768;18;;;11781;10;11788;15;;;11777.5;0.0
2;11900;ASH_COATED_OSMIUM;9994;13;;;;;10010;28;10012;23;;;10001.5;0.0
2;11900;INTARIAN_PEPPER_ROOT;11771;9;11769;20;;;11786;11;;;;;11777.5;0.0
2;12000;ASH_COATED_OSMIUM;9994;13;9992;20;;;10012;14;10013;25;;;10002.0;0.0
2;12000;INTARIAN_PEPPER_ROOT;11772;11;11767;20;;;11784;8;11787;24;;;11777.5;0.0
2;12100;ASH_COATED_OSMIUM;9994;13;9992;28;;;10011;7;10009;25;;;10001.5;0.0
2;12100;INTARIAN_PEPPER_ROOT;11771;9;11769;17;;;11786;9;;;;;11777.5;0.0
2;12200;ASH_COATED_OSMIUM;9992;10;9992;10;;;10010;15;;;;;10001.5;0.0
2;12200;INTARIAN_PEPPER_ROOT;11771;9;11769;21;;;11784;8;11785;16;;;11777.5;0.0
2;12300;ASH_COATED_OSMIUM;9997;12;9992;21;;;10010;20;;;;;10002.0;0.0
2;12300;INTARIAN_PEPPER_ROOT;11771;11;;;;;11784;9;11786;22;;;11777.5;0.0
2;12400;ASH_COATED_OSMIUM;9997;13;;;;;10010;14;10014;25;;;10002.0;0.0
2;12400;INTARIAN_PEPPER_ROOT;11771;11;;;;;11784;10;11787;21;;;11777.5;0.0
2;12500;ASH_COATED_OSMIUM;9991;11;9990;21;;;10011;11;10010;30;;;10001.5;0.0
2;12500;INTARIAN_PEPPER_ROOT;11772;11;;;;;11783;24;11787;21;;;11777.5;0.0
2;12600;ASH_COATED_OSMIUM;9993;5;;;;;10009;10;10012;22;;;10001.0;0.0
2;12600;INTARIAN_PEPPER_ROOT;11772;10;11769;23;;;11783;12;11788;23;11789;23;11777.0;0.0
2;12700;ASH_COATED_OSMIUM;9992;10;9991;20;;;10011;28;10013;30;;;10001.0;0.0
2;12700;INTARIAN_PEPPER_ROOT;11771;8;11768;19;;;11786;9;11785;21;;;11777.0;0.0
2;12800;ASH_COATED_OSMIUM;9993;25;9991;24;;;10009;15;10013;22;;;10001.0;0.0
2;12800;INTARIAN_PEPPER_ROOT;11771;9;11768;17;;;11784;10;;;;;11777.0;0.0
2;12900;ASH_COATED_OSMIUM;9999;10;9990;23;;;10009;12;10011;30;;;10001.0;0.0
2;12900;INTARIAN_PEPPER_ROOT;11769;21;11768;23;;;11786;11;11786;22;;;11777.0;0.0
2;13000;ASH_COATED_OSMIUM;9992;2;9990;20;;;10010;10;10014;25;;;10000.5;0.0
2;13000;INTARIAN_PEPPER_ROOT;11769;8;11769;23;;;11786;11;11788;21;;;11777.0;0.0
2;13100;ASH_COATED_OSMIUM;9991;13;9988;28;;;10009;10;10012;24;;;10000.0;0.0
2;13100;INTARIAN_PEPPER_ROOT;11770;15;11768;19;;;11784;8;;;;;11777.0;0.0
2;13200;ASH_COATED_OSMIUM;9997;13;;;;;10005;15;10011;25;;;10000.5;0.0
2;13200;INTARIAN_PEPPER_ROOT;11770;11;11768;24;;;11783;12;11787;25;;;11777.0;0.0
2;13300;ASH_COATED_OSMIUM;9994;11;9992;21;;;10010;29;10013;20;;;10001.5;0.0
2;13300;INTARIAN_PEPPER_ROOT;11771;11;11768;16;;;11784;8;11785;21;;;11777.0;0.0
2;13400;ASH_COATED_OSMIUM;9994;13;;;;;10010;11;10012;26;;;10001.5;0.0
2;13400;INTARIAN_PEPPER_ROOT;11769;9;;;;;11783;12;;;;;11777.0;0.0
2;13500;ASH_COATED_OSMIUM;9993;11;9988;30;;;10009;14;10009;26;;;10001.0;0.0
2;13500;INTARIAN_PEPPER_ROOT;11770;10;11768;23;;;11784;10;;;;;11777.0;0.0
2;13600;ASH_COATED_OSMIUM;9998;13;9990;29;;;10009;14;;;;;10000.5;0.0
2;13600;INTARIAN_PEPPER_ROOT;11772;12;11767;17;;;11784;25;11786;17;;;11777.0;0.0
2;13700;ASH_COATED_OSMIUM;9993;14;9989;27;;;10008;15;;;;;10001.0;0.0
2;13700;INTARIAN_PEPPER_ROOT;11770;11;11768;21;;;11785;12;11786;19;;;11776.5;0.0
2;13800;ASH_COATED_OSMIUM;9992;14;9991;22;;;10009;15;10012;26;;;10000.5;0.0
2;13800;INTARIAN_PEPPER_ROOT;11770;11;;;;;11785;11;11786;23;;;11776.5;0.0
2;13900;ASH_COATED_OSMIUM;9993;15;9991;20;;;10009;10;10012;28;;;10000.5;0.0
2;13900;INTARIAN_PEPPER_ROOT;11771;12;11768;24;;;11784;9;11788;21;;;11776.5;0.0
2;14000;ASH_COATED_OSMIUM;9992;12;9989;21;;;10008;10;10011;24;;;10000.0;0.0
2;14000;INTARIAN_PEPPER_ROOT;11769;9;11767;22;;;11783;18;;;;;11776.5;0.0
2;14100;ASH_COATED_OSMIUM;9993;15;;;;;10009;12;10012;21;;;10000.5;0.0
2;14100;INTARIAN_PEPPER_ROOT;11770;12;11765;21;;;11785;8;11786;20;;;11776.5;0.0
2;14200;ASH_COATED_OSMIUM;9992;15;9991;25;;;10009;10;10012;30;;;10001.0;0.0
2;14200;INTARIAN_PEPPER_ROOT;11770;9;11768;20;;;11783;9;11788;23;;;11776.5;0.0
2;14300;ASH_COATED_OSMIUM;9992;10;;;;;10004;12;10011;29;;;10000.0;0.0
2;14300;INTARIAN_PEPPER_ROOT;11768;9;11766;23;;;11783;9;;;;;11776.5;0.0
2;14400;ASH_COATED_OSMIUM;9992;13;9990;20;;;10008;14;10011;30;;;10000.0;0.0
2;14400;INTARIAN_PEPPER_ROOT;11771;12;;;;;11784;9;;;;;11776.5;0.0
2;14500;ASH_COATED_OSMIUM;9997;12;;;;;10009;28;;;;;10000.0;0.0
2;14500;INTARIAN_PEPPER_ROOT;11770;17;11766;16;;;11784;9;11788;25;;;11776.5;0.0
2;14600;ASH_COATED_OSMIUM;9991;14;9989;25;;;10008;20;;;;;10000.0;0.0
2;14600;INTARIAN_PEPPER_ROOT;11771;12;11766;22;;;11784;9;11788;20;;;11776.5;0.0
2;14700;ASH_COATED_OSMIUM;9992;14;9990;30;;;10008;11;10011;20;;;10000.0;0.0
2;14700;INTARIAN_PEPPER_ROOT;11770;18;11767;25;;;11785;10;;;;;11776.5;0.0
2;14800;ASH_COATED_OSMIUM;9994;27;9990;22;;;10010;13;10011;30;;;10000.0;0.0
2;14800;INTARIAN_PEPPER_ROOT;11769;10;;;;;11783;9;11784;16;;;11776.0;0.0
2;14900;ASH_COATED_OSMIUM;9991;15;9991;21;;;10004;14;;;;;10000.5;0.0
2;14900;INTARIAN_PEPPER_ROOT;11768;12;;;;;11784;10;11785;18;;;11776.0;0.0
2;15000;ASH_COATED_OSMIUM;9992;14;9995;30;;;10006;13;10012;24;;;10000.5;0.0
2;15000;INTARIAN_PEPPER_ROOT;11769;10;11767;18;;;11782;17;;;;;11776.0;0.0
2;15100;ASH_COATED_OSMIUM;9993;23;9990;25;;;10010;14;10012;26;;;10000.5;0.0
2;15100;INTARIAN_PEPPER_ROOT;11770;9;11768;24;;;11780;12;11786;21;;;11776.0;0.0
2;15200;ASH_COATED_OSMIUM;9992;12;9990;21;;;10009;12;10010;25;;;9999.5;0.0
2;15200;INTARIAN_PEPPER_ROOT;11775;11;11767;17;;;11783;9;;;;;11776.0;0.0
2;15300;ASH_COATED_OSMIUM;9991;10;9988;21;;;10007;4;;;;;9999.0;0.0
2;15300;INTARIAN_PEPPER_ROOT;11770;8;11768;19;;;11783;10;11785;23;;;11776.0;0.0
2;15400;ASH_COATED_OSMIUM;9991;23;9990;21;;;10008;11;10011;30;;;9999.5;0.0
2;15400;INTARIAN_PEPPER_ROOT;11771;10;11766;17;;;11783;10;;;;;11776.0;0.0
2;15500;ASH_COATED_OSMIUM;9992;13;9988;26;;;10008;11;10010;22;;;9999.5;0.0
2;15500;INTARIAN_PEPPER_ROOT;11768;12;11768;19;;;11782;16;11785;24;;;11776.0;0.0
2;15600;ASH_COATED_OSMIUM;9992;14;9990;14;;;10008;13;;;;;9999.5;0.0
2;15600;INTARIAN_PEPPER_ROOT;11769;8;11767;23;;;11782;10;;;;;11776.0;0.0
2;15700;ASH_COATED_OSMIUM;9992;15;;;;;10009;10;;;;;9999.5;0.0
2;15700;INTARIAN_PEPPER_ROOT;11775;10;11766;18;;;11782;9;11786;18;;;11776.0;0.0
2;15800;ASH_COATED_OSMIUM;9992;13;9989;12;;;10008;13;10005;26;;;9999.5;0.0
2;15800;INTARIAN_PEPPER_ROOT;11769;11;11767;18;;;11782;8;11786;17;;;11776.0;0.0
2;15900;ASH_COATED_OSMIUM;9993;13;;;;;10009;15;10012;26;;;10000.5;0.0
2;15900;INTARIAN_PEPPER_ROOT;11769;10;11767;22;;;11782;19;11785;21;;;11775.5;0.0
2;16000;ASH_COATED_OSMIUM;9996;5;;;;;10009;10;;;;;10000.5;0.0
2;16000;INTARIAN_PEPPER_ROOT;11771;11;11768;18;;;11781;10;11784;23;;;11775.5;0.0
2;16100;ASH_COATED_OSMIUM;9993;12;9991;26;;;10009;13;10011;30;;;10001.0;0.0
2;16100;INTARIAN_PEPPER_ROOT;11769;16;;;;;11782;9;11785;15;;;11775.5;0.0
2;16200;ASH_COATED_OSMIUM;9993;22;9990;27;;;10009;15;10013;30;;;10001.0;0.0
2;16200;INTARIAN_PEPPER_ROOT;11768;11;11768;18;;;11785;22;11785;18;;;11775.5;0.0
2;16300;ASH_COATED_OSMIUM;9993;15;;;;;10009;15;10013;25;;;10001.0;0.0
2;16300;INTARIAN_PEPPER_ROOT;11770;10;11766;19;;;11783;10;;;;;11775.5;0.0
2;16400;ASH_COATED_OSMIUM;9994;14;9992;28;;;10010;3;10012;27;;;10002.0;0.0
2;16400;INTARIAN_PEPPER_ROOT;11770;12;11768;19;;;11783;11;11784;25;;;11775.5;0.0
2;16500;ASH_COATED_OSMIUM;9992;15;;;;;10010;14;10013;25;;;10001.5;0.0
2;16500;INTARIAN_PEPPER_ROOT;11769;8;11768;16;;;11784;11;;;;;11775.5;0.0
2;16600;ASH_COATED_OSMIUM;9992;15;;;;;10010;15;;;;;10001.0;0.0
2;16600;INTARIAN_PEPPER_ROOT;11769;9;;;;;11784;10;11784;21;;;11775.5;0.0
2;16700;ASH_COATED_OSMIUM;9993;15;9990;26;;;10007;11;;;;;10000.5;0.0
2;16700;INTARIAN_PEPPER_ROOT;11769;8;11768;18;;;11782;12;11785;19;;;11775.5;0.0
2;16800;ASH_COATED_OSMIUM;9998;14;9986;24;;;10008;15;;;;;10000.0;0.0
2;16800;INTARIAN_PEPPER_ROOT;11769;11;11766;25;;;11782;9;11785;22;;;11775.0;0.0
2;16900;ASH_COATED_OSMIUM;9991;12;;;;;10007;14;;;10014;26;9999.0;0.0
2;16900;INTARIAN_PEPPER_ROOT;11769;11;11765;25;;;11781;10;;;;;11775.0;0.0
2;17000;ASH_COATED_OSMIUM;9992;14;;;;;10007;14;10009;22;;;9999.0;0.0
2;17000;INTARIAN_PEPPER_ROOT;11769;8;;;;;11781;24;;;;;11775.0;0.0
2;17100;ASH_COATED_OSMIUM;9991;15;9988;29;;;10007;10;;;;;9999.0;0.0
2;17100;INTARIAN_PEPPER_ROOT;11769;15;11768;19;;;11780;8;;;11790;22;11775.0;0.0
2;17200;ASH_COATED_OSMIUM;9992;14;9990;20;;;10010;13;10011;28;;;9999.5;0.0
2;17200;INTARIAN_PEPPER_ROOT;11767;9;11766;16;;;11781;11;11785;23;;;11775.0;0.0
2;17300;ASH_COATED_OSMIUM;9992;12;9989;20;;;10008;13;;;;;9999.5;0.0
2;17300;INTARIAN_PEPPER_ROOT;11770;9;11767;22;;;11783;12;11785;24;;;11775.0;0.0
2;17400;ASH_COATED_OSMIUM;9990;10;9989;20;;;10008;3;;;;;9999.5;0.0
2;17400;INTARIAN_PEPPER_ROOT;11769;10;11767;21;;;11784;11;11785;19;;;11775.0;0.0
2;17500;ASH_COATED_OSMIUM;9992;15;;;;;10008;12;10011;23;;;9999.5;0.0
2;17500;INTARIAN_PEPPER_ROOT;11769;9;11767;23;;;11783;17;11784;23;;;11775.0;0.0
2;17600;ASH_COATED_OSMIUM;9991;14;9989;21;;;10007;15;10011;21;;;9999.0;0.0
2;17600;INTARIAN_PEPPER_ROOT;11768;11;11765;17;;;11784;9;11785;20;;;11775.0;0.0
2;17700;ASH_COATED_OSMIUM;9991;13;9989;24;;;10008;15;10009;21;;;9998.5;0.0
2;17700;INTARIAN_PEPPER_ROOT;11770;23;11766;22;;;11781;12;11784;23;;;11775.0;0.0
2;17800;ASH_COATED_OSMIUM;9991;10;;;;;10007;15;;;;;9998.5;0.0
2;17800;INTARIAN_PEPPER_ROOT;11770;8;;;;;11782;11;;;;;11775.0;0.0
2;17900;ASH_COATED_OSMIUM;9995;15;9988;25;;;10007;13;;;;;9998.0;0.0
2;17900;INTARIAN_PEPPER_ROOT;11768;10;11766;23;;;11783;20;11785;24;;;11774.5;0.0
2;18000;ASH_COATED_OSMIUM;9991;4;9987;20;;;10007;14;10010;21;;;9998.5;0.0
2;18000;INTARIAN_PEPPER_ROOT;11766;11;11767;24;;;11781;9;11784;19;;;11774.5;0.0
2;18100;ASH_COATED_OSMIUM;9991;12;9992;29;;;10007;10;;;;;9999.0;0.0
2;18100;INTARIAN_PEPPER_ROOT;11768;12;;;;;11780;20;11784;23;;;11774.5;0.0
2;18200;ASH_COATED_OSMIUM;9992;11;9990;20;;;10008;5;;;;;9999.5;0.0
2;18200;INTARIAN_PEPPER_ROOT;11768;8;;;;;11776;20;11784;21;;;11774.5;0.0
2;18300;ASH_COATED_OSMIUM;9992;27;9990;14;;;10008;15;10010;27;;;10000.0;0.0
2;18300;INTARIAN_PEPPER_ROOT;11768;11;;;;;11781;8;;;;;11774.5;0.0
2;18400;ASH_COATED_OSMIUM;9992;11;9993;23;;;10008;15;10013;29;;;9999.5;0.0
2;18400;INTARIAN_PEPPER_ROOT;11767;8;11766;16;;;11780;9;;;;;11774.5;0.0
2;18500;ASH_COATED_OSMIUM;9989;11;;;;;10008;11;10011;30;;;9999.5;0.0
2;18500;INTARIAN_PEPPER_ROOT;11768;12;;;;;11781;9;11783;24;;;11774.5;0.0
2;18600;ASH_COATED_OSMIUM;9990;15;9989;28;9984;20;10007;11;10012;27;;;9999.0;0.0
2;18600;INTARIAN_PEPPER_ROOT;11768;8;11766;19;;;11776;9;;;;;11774.5;0.0
2;18700;ASH_COATED_OSMIUM;9992;11;9989;24;;;10009;15;10011;20;;;9999.5;0.0
2;18700;INTARIAN_PEPPER_ROOT;11767;3;;;;;11781;9;;;;;11774.5;0.0
2;18800;ASH_COATED_OSMIUM;9991;12;9988;20;;;10007;26;10010;21;;;9999.0;0.0
2;18800;INTARIAN_PEPPER_ROOT;11767;11;11765;9;;;11781;8;11783;18;;;11774.0;0.0
2;18900;ASH_COATED_OSMIUM;9991;13;;;;;10007;24;;;;;9999.0;0.0
2;18900;INTARIAN_PEPPER_ROOT;11767;25;11765;15;;;11780;9;11785;17;;;11774.0;0.0
2;19000;ASH_COATED_OSMIUM;9991;15;;;;;10009;14;;;;;9999.0;0.0
2;19000;INTARIAN_PEPPER_ROOT;11771;9;11764;18;;;11783;8;;;;;11774.0;0.0
2;19100;ASH_COATED_OSMIUM;9991;10;9989;22;;;10008;12;10005;21;;;9999.0;0.0
2;19100;INTARIAN_PEPPER_ROOT;11768;11;11765;17;;;11780;9;;;;;11774.0;0.0
2;19200;ASH_COATED_OSMIUM;9990;28;;;9986;30;10007;14;10009;23;;;9999.0;0.0
2;19200;INTARIAN_PEPPER_ROOT;11768;11;11762;18;;;11781;10;11783;22;;;11774.0;0.0
2;19300;ASH_COATED_OSMIUM;9991;13;;;;;10007;14;;;;;9999.0;0.0
2;19300;INTARIAN_PEPPER_ROOT;11768;12;;;;;11781;10;11784;16;;;11774.0;0.0
2;19400;ASH_COATED_OSMIUM;9990;23;;;;;10007;10;10009;23;;;9999.0;0.0
2;19400;INTARIAN_PEPPER_ROOT;11769;9;11765;17;;;11781;8;;;;;11774.0;0.0
2;19500;ASH_COATED_OSMIUM;9991;10;;;;;10010;10;10010;25;;;9999.0;0.0
2;19500;INTARIAN_PEPPER_ROOT;11768;12;;;;;11780;19;11782;25;;;11774.0;0.0
2;19600;ASH_COATED_OSMIUM;9992;12;9987;26;;;10008;14;10011;30;;;9999.5;0.0
2;19600;INTARIAN_PEPPER_ROOT;11768;11;11765;24;;;11780;8;;;;;11774.0;0.0
2;19700;ASH_COATED_OSMIUM;9990;5;9990;15;;;10009;15;;;;;9999.5;0.0
2;19700;INTARIAN_PEPPER_ROOT;11767;12;;;;;11782;9;11784;18;;;11773.5;0.0
2;19800;ASH_COATED_OSMIUM;9990;15;9988;20;;;10007;13;10011;23;;;9999.0;0.0
2;19800;INTARIAN_PEPPER_ROOT;11767;9;11764;19;;;11780;12;11779;19;;;11773.5;0.0
2;19900;ASH_COATED_OSMIUM;9992;22;;;;;10008;11;10011;27;;;9999.5;0.0
2;19900;INTARIAN_PEPPER_ROOT;11765;25;11765;15;;;11780;23;11783;23;;;11773.5;0.0
2;20000;ASH_COATED_OSMIUM;9993;23;9989;24;;;10009;13;10011;25;;;10000.5;0.0
2;20000;INTARIAN_PEPPER_ROOT;11768;11;11764;22;;;11779;12;11783;16;;;11773.5;0.0
2;20100;ASH_COATED_OSMIUM;9993;15;9991;27;;;10009;14;;;;;10001.0;0.0
2;20100;INTARIAN_PEPPER_ROOT;11767;8;11764;21;;;11779;24;11782;17;;;11773.5;0.0
2;20200;ASH_COATED_OSMIUM;9993;11;;;;;10009;14;;;;;10001.0;0.0
2;20200;INTARIAN_PEPPER_ROOT;11767;8;11763;23;;;11775;25;11783;24;;;11773.5;0.0
2;20300;ASH_COATED_OSMIUM;9993;14;9990;29;;;10009;15;10011;30;;;10001.0;0.0
2;20300;INTARIAN_PEPPER_ROOT;11768;10;;;;;11775;8;11782;23;;;11773.5;0.0
2;20400;ASH_COATED_OSMIUM;9994;10;9992;25;;;10010;14;;;;;10001.5;0.0
2;20400;INTARIAN_PEPPER_ROOT;11768;11;11766;20;;;11780;8;;;;;11773.5;0.0
2;20500;ASH_COATED_OSMIUM;9994;13;;;;;10010;11;10012;29;;;10001.5;0.0
2;20500;INTARIAN_PEPPER_ROOT;11768;10;11765;24;;;11780;8;;;;;11773.5;0.0
2;20600;ASH_COATED_OSMIUM;9994;3;9989;24;;;10010;11;10010;20;;;10001.5;0.0
2;20600;INTARIAN_PEPPER_ROOT;11768;10;11763;16;;;11781;9;11783;22;;;11773.5;0.0
2;20700;ASH_COATED_OSMIUM;9994;13;;;;;10011;24;10013;28;;;10002.0;0.0
2;20700;INTARIAN_PEPPER_ROOT;11767;12;11766;16;;;11781;12;11783;20;;;11773.5;0.0
2;20800;ASH_COATED_OSMIUM;9994;15;;;;;10010;11;10012;20;;;10002.0;0.0
2;20800;INTARIAN_PEPPER_ROOT;11766;9;11765;20;;;11781;12;11783;23;;;11773.0;0.0
2;20900;ASH_COATED_OSMIUM;9995;29;;;;;10011;20;10015;15;;;10002.5;0.0
2;20900;INTARIAN_PEPPER_ROOT;11767;24;;;;;11779;8;;;;;11773.0;0.0
2;21000;ASH_COATED_OSMIUM;9994;14;;;;;10010;10;10012;28;;;10001.5;0.0
2;21000;INTARIAN_PEPPER_ROOT;11768;11;11764;18;;;11779;20;11783;20;;;11773.0;0.0
2;21100;ASH_COATED_OSMIUM;9999;15;;;;;10011;14;10013;25;;;10001.5;0.0
2;21100;INTARIAN_PEPPER_ROOT;11767;11;11766;17;;;11780;12;;;;;11773.0;0.0
2;21200;ASH_COATED_OSMIUM;9999;11;;;;;10011;15;10012;23;;;10001.5;0.0
2;21200;INTARIAN_PEPPER_ROOT;11764;15;11764;15;;;11779;25;11782;24;;;11773.0;0.0
2;21300;ASH_COATED_OSMIUM;9994;23;9990;26;;;10010;15;10012;21;;;10002.0;0.0
2;21300;INTARIAN_PEPPER_ROOT;11766;10;11763;21;;;11779;10;11783;22;;;11773.0;0.0
2;21400;ASH_COATED_OSMIUM;9994;14;;;;;10010;12;;;;;10002.0;0.0
2;21400;INTARIAN_PEPPER_ROOT;11766;9;11763;23;;;11779;10;;;;;11773.0;0.0
2;21500;ASH_COATED_OSMIUM;9992;13;9992;22;;;10010;10;;;;;10001.5;0.0
2;21500;INTARIAN_PEPPER_ROOT;11766;10;11764;16;;;11780;10;11783;15;;;11773.0;0.0
2;21600;ASH_COATED_OSMIUM;9993;29;;;;;10011;14;10013;28;;;10001.5;0.0
2;21600;INTARIAN_PEPPER_ROOT;11767;10;11763;17;;;11779;12;11783;18;;;11773.0;0.0
2;21700;ASH_COATED_OSMIUM;9992;10;;;;;10004;10;10011;30;;;10001.0;0.0
2;21700;INTARIAN_PEPPER_ROOT;11767;11;11763;17;;;11780;23;11782;18;;;11773.0;0.0
2;21800;ASH_COATED_OSMIUM;9993;13;9991;23;;;10009;15;10013;28;;;10000.5;0.0
2;21800;INTARIAN_PEPPER_ROOT;11766;12;11765;25;;;11782;11;;;;;11773.0;0.0
2;21900;ASH_COATED_OSMIUM;9992;14;9990;30;;;10009;20;10011;20;;;10001.0;0.0
2;21900;INTARIAN_PEPPER_ROOT;11766;11;11763;24;;;11781;9;;;;;11772.5;0.0
2;22000;ASH_COATED_OSMIUM;9993;12;;;;;10009;10;;;;;10000.5;0.0
2;22000;INTARIAN_PEPPER_ROOT;11767;12;11764;16;;;11777;19;;;;;11772.5;0.0
2;22100;ASH_COATED_OSMIUM;9993;7;9991;26;;;10010;13;10012;27;;;10000.5;0.0
2;22100;INTARIAN_PEPPER_ROOT;11765;22;11765;23;;;11779;10;;;;;11772.5;0.0
2;22200;ASH_COATED_OSMIUM;9993;10;;;;;10009;13;10012;20;;;10000.5;0.0
2;22200;INTARIAN_PEPPER_ROOT;11766;10;11763;23;;;11778;11;;;;;11772.5;0.0
2;22300;ASH_COATED_OSMIUM;9992;12;9991;21;;;10009;12;;;;;10000.5;0.0
2;22300;INTARIAN_PEPPER_ROOT;11765;9;;;;;11780;20;;;;;11772.5;0.0
2;22400;ASH_COATED_OSMIUM;9993;15;;;;;10006;29;10012;22;;;10001.0;0.0
2;22400;INTARIAN_PEPPER_ROOT;11767;8;;;;;11780;8;11782;12;;;11772.5;0.0
2;22500;ASH_COATED_OSMIUM;9991;4;9991;25;;;10010;15;10012;29;;;10000.5;0.0
2;22500;INTARIAN_PEPPER_ROOT;11766;11;;;;;11779;11;11782;15;;;11772.5;0.0
2;22600;ASH_COATED_OSMIUM;9992;27;9991;20;;;10009;11;;;;;10001.0;0.0
2;22600;INTARIAN_PEPPER_ROOT;11765;10;11762;24;;;11781;8;;;;;11772.5;0.0
2;22700;ASH_COATED_OSMIUM;9994;14;;;;;10010;14;10012;28;;;10001.5;0.0
2;22700;INTARIAN_PEPPER_ROOT;11767;9;;;;;11779;11;11781;25;;;11772.5;0.0
2;22800;ASH_COATED_OSMIUM;9994;10;;;;;10010;12;;;;;10001.5;0.0
2;22800;INTARIAN_PEPPER_ROOT;11765;9;11763;20;;;11779;8;11782;16;;;11772.5;0.0
2;22900;ASH_COATED_OSMIUM;9995;30;;;;;10011;13;;;;;10002.5;0.0
2;22900;INTARIAN_PEPPER_ROOT;11767;9;11764;24;;;11779;8;;;;;11772.5;0.0
2;23000;ASH_COATED_OSMIUM;9994;15;9992;25;9989;23;10005;20;10013;27;;;10002.0;0.0
2;23000;INTARIAN_PEPPER_ROOT;11767;9;11761;19;;;11779;12;;;;;11772.0;0.0
2;23100;ASH_COATED_OSMIUM;9994;11;9991;22;;;10010;10;10012;30;;;10001.5;0.0
2;23100;INTARIAN_PEPPER_ROOT;11765;9;;;;;11782;11;;;;;11772.0;0.0
2;23200;ASH_COATED_OSMIUM;9994;14;;;;;10011;11;10012;23;;;10002.0;0.0
2;23200;INTARIAN_PEPPER_ROOT;11767;9;11763;23;;;11779;8;11781;22;;;11772.0;0.0
2;23300;ASH_COATED_OSMIUM;9994;13;;;;;10010;15;10012;22;;;10001.5;0.0
2;23300;INTARIAN_PEPPER_ROOT;11766;9;;;;;11778;10;11780;21;;;11772.0;0.0
2;23400;ASH_COATED_OSMIUM;9994;5;9991;26;;;10010;15;;;10016;30;10002.0;0.0
2;23400;INTARIAN_PEPPER_ROOT;11765;12;11764;16;;;11780;8;;;;;11772.0;0.0
2;23500;ASH_COATED_OSMIUM;9993;10;9990;24;;;10009;13;10017;27;;;10001.0;0.0
2;23500;INTARIAN_PEPPER_ROOT;11767;19;11762;18;;;11777;12;11782;21;;;11772.0;0.0
2;23600;ASH_COATED_OSMIUM;9998;10;9995;26;;;10010;27;10007;30;;;10001.5;0.0
2;23600;INTARIAN_PEPPER_ROOT;11767;12;11763;17;;;11779;10;11782;25;;;11772.0;0.0
2;23700;ASH_COATED_OSMIUM;9993;12;;;;;10009;12;10011;28;;;10000.5;0.0
2;23700;INTARIAN_PEPPER_ROOT;11765;11;;;;;11779;8;;;;;11772.0;0.0
2;23800;ASH_COATED_OSMIUM;9993;15;;;;;10009;12;10011;27;;;10000.5;0.0
2;23800;INTARIAN_PEPPER_ROOT;11766;12;11764;23;;;11778;20;11781;23;;;11772.0;0.0
2;23900;ASH_COATED_OSMIUM;9992;14;9988;22;;;10008;10;10010;29;;;10000.0;0.0
2;23900;INTARIAN_PEPPER_ROOT;11766;9;11764;15;;;11776;8;11782;18;;;11772.0;0.0
2;24000;ASH_COATED_OSMIUM;9993;13;;;;;10003;14;;;;;10000.5;0.0
2;24000;INTARIAN_PEPPER_ROOT;11766;11;11762;19;;;11779;11;;;;;11771.5;0.0
2;24100;ASH_COATED_OSMIUM;9991;23;9989;24;;;10008;8;10012;30;;;10000.0;0.0
2;24100;INTARIAN_PEPPER_ROOT;11765;8;11763;15;;;11778;8;;;;;11771.5;0.0
2;24200;ASH_COATED_OSMIUM;9992;12;;;;;10008;3;10012;30;;;10000.0;0.0
2;24200;INTARIAN_PEPPER_ROOT;11765;10;;;;;11778;20;11782;8;;;11771.5;0.0
2;24300;ASH_COATED_OSMIUM;9992;10;;;;;10008;12;10010;25;;;9999.5;0.0
2;24300;INTARIAN_PEPPER_ROOT;11765;11;11761;20;;;11778;16;11781;21;;;11771.5;0.0
2;24400;ASH_COATED_OSMIUM;9991;10;9990;25;;;10006;13;10012;30;;;10000.5;0.0
2;24400;INTARIAN_PEPPER_ROOT;11765;12;11767;25;;;11779;12;11782;22;;;11771.5;0.0
2;24500;ASH_COATED_OSMIUM;9992;10;9989;29;;;10005;14;10011;30;;;10000.0;0.0
2;24500;INTARIAN_PEPPER_ROOT;11765;12;;;;;11778;11;11781;23;;;11771.5;0.0
2;24600;ASH_COATED_OSMIUM;9991;13;9990;25;;;10010;14;10006;27;;;10000.5;0.0
2;24600;INTARIAN_PEPPER_ROOT;11765;8;11761;25;;;11777;8;11779;23;;;11771.5;0.0
2;24700;ASH_COATED_OSMIUM;9993;12;9991;25;;;10005;12;;;;;10000.5;0.0
2;24700;INTARIAN_PEPPER_ROOT;11765;11;;;;;11778;11;11782;25;;;11771.5;0.0
2;24800;ASH_COATED_OSMIUM;9993;13;9990;10;;;10009;15;;;;;10001.0;0.0
2;24800;INTARIAN_PEPPER_ROOT;11764;9;;;;;11777;12;11782;16;;;11771.5;0.0
2;24900;ASH_COATED_OSMIUM;9994;11;;;;;10010;3;10013;26;;;10001.5;0.0
2;24900;INTARIAN_PEPPER_ROOT;11762;11;11761;23;;;11773;12;11783;25;;;11771.5;0.0
2;25000;ASH_COATED_OSMIUM;9993;10;9991;24;;;10010;15;10010;21;;;10002.0;0.0
2;25000;INTARIAN_PEPPER_ROOT;11764;16;11761;23;;;11778;9;11780;20;;;11771.0;0.0
2;25100;ASH_COATED_OSMIUM;9993;10;;;;;10011;13;10012;26;;;10002.0;0.0
2;25100;INTARIAN_PEPPER_ROOT;11763;8;;;;;11777;9;;;;;11771.0;0.0
2;25200;ASH_COATED_OSMIUM;9994;11;;;;;10010;14;;;;;10001.5;0.0
2;25200;INTARIAN_PEPPER_ROOT;11764;11;11762;23;;;11778;9;11780;17;;;11771.0;0.0
2;25300;ASH_COATED_OSMIUM;9993;14;;;;;10009;12;;;;;10001.0;0.0
2;25300;INTARIAN_PEPPER_ROOT;11765;12;11760;10;;;11779;10;;;11783;15;11771.0;0.0
2;25400;ASH_COATED_OSMIUM;9993;27;9989;21;;;10009;12;10012;22;;;10000.5;0.0
2;25400;INTARIAN_PEPPER_ROOT;11764;10;;;;;11778;8;11783;19;;;11771.0;0.0
2;25500;ASH_COATED_OSMIUM;9993;3;9990;28;;;10003;15;;;;;10000.5;0.0
2;25500;INTARIAN_PEPPER_ROOT;11764;8;11762;20;;;11778;8;11781;21;;;11771.0;0.0
2;25600;ASH_COATED_OSMIUM;9992;14;9990;25;;;10009;13;;;;;9999.5;0.0
2;25600;INTARIAN_PEPPER_ROOT;11765;9;;;;;11777;12;11781;19;;;11771.0;0.0
2;25700;ASH_COATED_OSMIUM;9991;15;;;;;10008;15;10010;23;;;9999.0;0.0
2;25700;INTARIAN_PEPPER_ROOT;11765;11;;;;;11777;10;11780;19;;;11771.0;0.0
2;25800;ASH_COATED_OSMIUM;9991;13;;;;;10007;15;;;10014;26;9999.0;0.0
2;25800;INTARIAN_PEPPER_ROOT;11764;11;11762;20;;;11777;10;11780;19;;;11771.0;0.0
2;25900;ASH_COATED_OSMIUM;9991;11;9992;29;;;10007;13;10009;29;;;9999.0;0.0
2;25900;INTARIAN_PEPPER_ROOT;11762;10;11762;25;;;11780;10;11780;15;;;11771.0;0.0
2;26000;ASH_COATED_OSMIUM;9991;12;;;;;10007;14;;;;;9999.0;0.0
2;26000;INTARIAN_PEPPER_ROOT;11765;25;11763;22;;;11779;9;11780;18;;;11771.0;0.0
2;26100;ASH_COATED_OSMIUM;9992;14;;;;;10009;13;;;;;9999.5;0.0
2;26100;INTARIAN_PEPPER_ROOT;11763;9;11762;8;;;11778;10;;;;;11770.5;0.0
2;26200;ASH_COATED_OSMIUM;9989;14;9989;24;;;10007;12;;;;;9999.0;0.0
2;26200;INTARIAN_PEPPER_ROOT;11763;8;;;;;11777;11;;;;;11770.5;0.0
2;26300;ASH_COATED_OSMIUM;9991;13;;;;;10008;27;10011;30;;;9998.5;0.0
2;26300;INTARIAN_PEPPER_ROOT;11761;20;;;;;11777;8;11782;15;;;11770.5;0.0
2;26400;ASH_COATED_OSMIUM;9991;12;;;;;10007;13;;;;;9998.5;0.0
2;26400;INTARIAN_PEPPER_ROOT;11764;10;;;;;11778;10;11779;17;;;11770.5;0.0
2;26500;ASH_COATED_OSMIUM;9989;15;9988;22;;;10007;10;;;;;9998.5;0.0
2;26500;INTARIAN_PEPPER_ROOT;11764;8;11760;18;;;11777;10;11782;20;;;11770.5;0.0
2;26600;ASH_COATED_OSMIUM;9991;13;;;;;10007;14;10010;23;;;9998.5;0.0
2;26600;INTARIAN_PEPPER_ROOT;11769;11;11761;23;;;11778;10;11780;19;;;11770.5;0.0
2;26700;ASH_COATED_OSMIUM;9991;15;9992;27;;;10008;13;10010;20;;;9999.0;0.0
2;26700;INTARIAN_PEPPER_ROOT;11765;9;11759;15;;;11778;8;11780;16;;;11770.5;0.0
2;26800;ASH_COATED_OSMIUM;9991;15;9989;27;;;10007;21;10010;21;;;9999.0;0.0
2;26800;INTARIAN_PEPPER_ROOT;11765;9;;;;;11779;8;11779;17;11783;24;11770.5;0.0
2;26900;ASH_COATED_OSMIUM;9991;15;;;;;10006;12;;;;;9999.0;0.0
2;26900;INTARIAN_PEPPER_ROOT;11762;11;11763;22;;;11777;8;11779;21;;;11770.5;0.0
2;27000;ASH_COATED_OSMIUM;9992;13;9989;30;;;10009;11;10011;29;;;9999.5;0.0
2;27000;INTARIAN_PEPPER_ROOT;11762;9;11759;18;;;11777;8;11779;15;;;11770.5;0.0
2;27100;ASH_COATED_OSMIUM;9992;10;;;;;10008;28;;;;;9999.5;0.0
2;27100;INTARIAN_PEPPER_ROOT;11764;12;;;;;11779;8;11781;24;;;11770.5;0.0
2;27200;ASH_COATED_OSMIUM;9992;12;9989;21;;;10008;11;10010;27;;;9999.5;0.0
2;27200;INTARIAN_PEPPER_ROOT;11764;20;;;;;11776;22;;;;;11770.5;0.0
2;27300;ASH_COATED_OSMIUM;9991;15;9989;26;;;10008;11;10010;20;;;10000.0;0.0
2;27300;INTARIAN_PEPPER_ROOT;11764;9;11761;19;;;11778;12;11780;9;;;11770.0;0.0
2;27400;ASH_COATED_OSMIUM;9995;14;;;;;10008;11;;;;;10000.0;0.0
2;27400;INTARIAN_PEPPER_ROOT;11763;12;11759;15;;;11776;9;;;;;11770.0;0.0
2;27500;ASH_COATED_OSMIUM;9992;11;9989;24;;;10009;14;10010;23;;;9999.5;0.0
2;27500;INTARIAN_PEPPER_ROOT;11761;8;;;;;11779;8;11780;25;;;11770.0;0.0
2;27600;ASH_COATED_OSMIUM;9992;12;;;;;10010;14;10010;24;;;10000.0;0.0
2;27600;INTARIAN_PEPPER_ROOT;11763;18;11762;18;;;11777;9;11779;16;;;11770.0;0.0
2;27700;ASH_COATED_OSMIUM;9991;10;;;;;10008;13;10011;27;;;10000.0;0.0
2;27700;INTARIAN_PEPPER_ROOT;11764;11;11759;23;;;11780;9;11780;21;;;11770.0;0.0
2;27800;ASH_COATED_OSMIUM;9991;10;9990;29;;;10010;14;10011;25;;;10000.0;0.0
2;27800;INTARIAN_PEPPER_ROOT;11767;22;11761;25;;;11776;8;;;;;11770.0;0.0
2;27900;ASH_COATED_OSMIUM;9992;5;;;;;10008;11;10010;23;;;10000.0;0.0
2;27900;INTARIAN_PEPPER_ROOT;11763;23;11761;15;;;11779;8;11780;16;;;11770.0;0.0
2;28000;ASH_COATED_OSMIUM;9990;11;9994;22;;;10006;14;10011;21;;;9999.5;0.0
2;28000;INTARIAN_PEPPER_ROOT;11764;18;11762;19;;;11776;8;;;;;11770.0;0.0
2;28100;ASH_COATED_OSMIUM;9992;11;;;;;10009;15;10010;21;;;9999.5;0.0
2;28100;INTARIAN_PEPPER_ROOT;11764;9;;;;;11777;9;;;;;11770.0;0.0
2;28200;ASH_COATED_OSMIUM;9992;15;;;;;10008;15;10008;21;;;9999.5;0.0
2;28200;INTARIAN_PEPPER_ROOT;11764;8;11760;25;;;11777;9;11779;23;;;11770.0;0.0
2;28300;ASH_COATED_OSMIUM;9991;10;9989;30;;;10007;10;;;;;9999.0;0.0
2;28300;INTARIAN_PEPPER_ROOT;11762;8;;;;;11777;12;;;;;11770.0;0.0
2;28400;ASH_COATED_OSMIUM;9992;15;;;;;10010;12;10011;26;;;9999.5;0.0
2;28400;INTARIAN_PEPPER_ROOT;11761;8;;;;;11776;12;11780;22;;;11769.5;0.0
2;28500;ASH_COATED_OSMIUM;9991;14;9989;30;;;10008;11;;;;;10000.0;0.0
2;28500;INTARIAN_PEPPER_ROOT;11769;9;11761;15;;;11777;21;11779;25;;;11769.5;0.0
2;28600;ASH_COATED_OSMIUM;9993;11;9989;21;;;10009;15;10011;25;;;10000.5;0.0
2;28600;INTARIAN_PEPPER_ROOT;11762;8;11760;23;;;11776;9;11780;21;;;11769.5;0.0
2;28700;ASH_COATED_OSMIUM;9993;14;;;;;10006;11;10013;28;;;10000.5;0.0
2;28700;INTARIAN_PEPPER_ROOT;11764;9;11759;16;;;11777;11;11779;25;;;11769.5;0.0
2;28800;ASH_COATED_OSMIUM;9993;14;;;;;10009;11;10013;29;;;10000.5;0.0
2;28800;INTARIAN_PEPPER_ROOT;11763;12;;;;;11776;9;11778;23;;;11769.5;0.0
2;28900;ASH_COATED_OSMIUM;9993;14;9990;27;;;10011;14;10012;30;;;10000.5;0.0
2;28900;INTARIAN_PEPPER_ROOT;11763;9;11759;15;;;11778;10;;;;;11769.5;0.0
2;29000;ASH_COATED_OSMIUM;9991;11;;;;;10008;11;10010;24;;;9999.5;0.0
2;29000;INTARIAN_PEPPER_ROOT;11763;17;11761;20;;;11776;8;;;;;11769.5;0.0
2;29100;ASH_COATED_OSMIUM;9993;11;9990;28;;;10009;14;10013;30;;;10000.5;0.0
2;29100;INTARIAN_PEPPER_ROOT;11763;12;11759;15;;;11776;9;11780;20;;;11769.5;0.0
2;29200;ASH_COATED_OSMIUM;9992;13;;;;;10009;15;10010;28;;;9999.5;0.0
2;29200;INTARIAN_PEPPER_ROOT;11764;9;11760;19;;;11776;12;11779;19;;;11769.5;0.0
2;29300;ASH_COATED_OSMIUM;9992;13;9990;24;;;10008;11;10011;20;;;10000.0;0.0
2;29300;INTARIAN_PEPPER_ROOT;11761;6;;;;;11777;9;11780;25;;;11769.0;0.0
2;29400;ASH_COATED_OSMIUM;9992;15;9990;28;;;10009;15;10011;24;;;9999.5;0.0
2;29400;INTARIAN_PEPPER_ROOT;11762;12;11760;23;;;11776;11;11778;25;;;11769.0;0.0
2;29500;ASH_COATED_OSMIUM;9992;28;9990;30;;;10008;13;10011;14;;;10000.0;0.0
2;29500;INTARIAN_PEPPER_ROOT;11761;12;11761;15;;;11777;18;11778;24;;;11769.0;0.0
2;29600;ASH_COATED_OSMIUM;9992;11;9988;20;;;10005;26;;;;;10000.0;0.0
2;29600;INTARIAN_PEPPER_ROOT;11763;8;11759;24;;;11777;11;;;;;11769.0;0.0
2;29700;ASH_COATED_OSMIUM;9992;13;9990;20;;;10008;10;;;;;9999.5;0.0
2;29700;INTARIAN_PEPPER_ROOT;11763;21;;;;;11775;11;11779;16;;;11769.0;0.0
2;29800;ASH_COATED_OSMIUM;9992;10;9990;11;;;10008;15;;;;;9999.5;0.0
2;29800;INTARIAN_PEPPER_ROOT;11763;10;;;;;11776;12;11779;23;;;11769.0;0.0
2;29900;ASH_COATED_OSMIUM;9992;10;9989;22;;;10009;11;10011;27;;;10000.0;0.0
2;29900;INTARIAN_PEPPER_ROOT;11761;12;11760;9;;;11777;8;11778;19;;;11769.0;0.0
2;30000;ASH_COATED_OSMIUM;9992;14;;;;;10009;12;10012;26;;;10000.0;0.0
2;30000;INTARIAN_PEPPER_ROOT;11763;10;;;;;11776;8;11778;24;11782;23;11769.0;0.0
2;30100;ASH_COATED_OSMIUM;9991;13;9990;30;;;10009;26;;;;;10000.5;0.0
2;30100;INTARIAN_PEPPER_ROOT;11762;8;11761;21;;;11778;21;11780;19;;;11769.0;0.0
2;30200;ASH_COATED_OSMIUM;9993;13;9990;27;;;10009;12;10012;29;;;10000.5;0.0
2;30200;INTARIAN_PEPPER_ROOT;11763;22;11759;17;;;11777;7;11780;15;;;11769.0;0.0
2;30300;ASH_COATED_OSMIUM;9992;13;;;9988;29;10009;10;;;;;10000.5;0.0
2;30300;INTARIAN_PEPPER_ROOT;11762;11;11759;23;;;11776;12;;;;;11769.0;0.0
2;30400;ASH_COATED_OSMIUM;9993;14;9990;25;;;10009;11;10012;22;;;10001.0;0.0
2;30400;INTARIAN_PEPPER_ROOT;11762;10;11759;17;;;11775;9;11777;15;;;11768.5;0.0
2;30500;ASH_COATED_OSMIUM;9993;25;9989;22;;;10009;13;;;;;10000.5;0.0
2;30500;INTARIAN_PEPPER_ROOT;11763;10;11759;25;;;11776;9;11778;17;;;11768.5;0.0
2;30600;ASH_COATED_OSMIUM;9991;14;9989;27;;;10008;14;10011;15;;;10000.0;0.0
2;30600;INTARIAN_PEPPER_ROOT;11761;8;11757;10;;;11778;8;11777;22;;;11768.5;0.0
2;30700;ASH_COATED_OSMIUM;9992;15;9987;23;9986;21;10009;11;10010;27;;;9999.5;0.0
2;30700;INTARIAN_PEPPER_ROOT;11762;12;11757;20;;;11775;21;11778;15;;;11768.5;0.0
2;30800;ASH_COATED_OSMIUM;9991;12;9990;28;;;10008;15;;;;;10000.0;0.0
2;30800;INTARIAN_PEPPER_ROOT;11762;9;11761;25;;;11775;9;11777;10;;;11768.5;0.0
2;30900;ASH_COATED_OSMIUM;9993;10;9991;24;;;10009;14;;;;;10000.5;0.0
2;30900;INTARIAN_PEPPER_ROOT;11760;11;11760;17;;;11774;4;;;;;11768.5;0.0
2;31000;ASH_COATED_OSMIUM;9992;15;;;;;10008;15;10010;30;;;10000.0;0.0
2;31000;INTARIAN_PEPPER_ROOT;11760;12;11759;19;;;11776;11;11778;18;;;11768.5;0.0
2;31100;ASH_COATED_OSMIUM;9993;15;9990;25;;;10007;10;10011;25;10016;26;10000.5;0.0
2;31100;INTARIAN_PEPPER_ROOT;11760;22;;;;;11778;9;11778;23;;;11768.5;0.0
2;31200;ASH_COATED_OSMIUM;9991;2;9990;28;9986;21;10009;5;10012;25;;;10000.5;0.0
2;31200;INTARIAN_PEPPER_ROOT;11761;11;11759;18;;;11775;12;;;;;11768.5;0.0
2;31300;ASH_COATED_OSMIUM;9992;11;9988;28;;;10008;10;10010;23;;;9999.5;0.0
2;31300;INTARIAN_PEPPER_ROOT;11762;9;11758;22;;;11774;12;;;;;11768.5;0.0
2;31400;ASH_COATED_OSMIUM;9990;14;9990;21;;;10008;11;10010;25;;;9999.5;0.0
2;31400;INTARIAN_PEPPER_ROOT;11762;8;11758;18;;;11774;10;11777;22;;;11768.0;0.0
2;31500;ASH_COATED_OSMIUM;9992;10;9988;30;;;10009;3;10011;22;;;9999.5;0.0
2;31500;INTARIAN_PEPPER_ROOT;11761;19;;;;;11775;8;11778;16;;;11768.0;0.0
2;31600;ASH_COATED_OSMIUM;9992;14;9989;21;;;10004;12;;;;;9999.5;0.0
2;31600;INTARIAN_PEPPER_ROOT;11761;19;11759;17;;;11775;15;11778;22;;;11768.0;0.0
2;31700;ASH_COATED_OSMIUM;9992;15;9989;20;;;10009;10;10011;28;;;9999.5;0.0
2;31700;INTARIAN_PEPPER_ROOT;11761;10;;;;;11772;11;11776;24;;;11768.0;0.0
2;31800;ASH_COATED_OSMIUM;9990;15;9990;26;;;10008;6;10010;21;;;9999.5;0.0
2;31800;INTARIAN_PEPPER_ROOT;11762;11;11759;22;;;11775;10;11777;15;;;11768.0;0.0
2;31900;ASH_COATED_OSMIUM;9991;15;;;;;10008;15;;;;;10000.0;0.0
2;31900;INTARIAN_PEPPER_ROOT;11762;12;;;;;11775;11;11778;25;;;11768.0;0.0
2;32000;ASH_COATED_OSMIUM;9990;24;;;;;10008;13;10007;28;;;9999.0;0.0
2;32000;INTARIAN_PEPPER_ROOT;11761;12;11760;22;;;11777;12;11777;24;;;11768.0;0.0
2;32100;ASH_COATED_OSMIUM;9991;15;9988;26;;;10008;13;;;;;9999.0;0.0
2;32100;INTARIAN_PEPPER_ROOT;11762;8;11760;25;;;11776;9;11778;18;;;11768.0;0.0
2;32200;ASH_COATED_OSMIUM;9992;13;9990;10;;;10010;13;10011;28;;;10000.5;0.0
2;32200;INTARIAN_PEPPER_ROOT;11761;11;11758;17;;;11774;8;11778;23;;;11767.5;0.0
2;32300;ASH_COATED_OSMIUM;9992;20;9988;11;;;10008;13;;;;;10000.0;0.0
2;32300;INTARIAN_PEPPER_ROOT;11760;10;11758;16;;;11775;25;11775;17;;;11767.5;0.0
2;32400;ASH_COATED_OSMIUM;9992;14;;;;;10008;14;10011;22;;;10000.0;0.0
2;32400;INTARIAN_PEPPER_ROOT;11761;12;;;;;11774;12;11778;25;;;11767.5;0.0
2;32500;ASH_COATED_OSMIUM;9993;7;9991;15;;;10009;11;;;;;10000.5;0.0
2;32500;INTARIAN_PEPPER_ROOT;11760;8;;;11753;18;11772;9;11777;18;;;11767.5;0.0
2;32600;ASH_COATED_OSMIUM;9993;11;9993;21;;;10009;10;;;;;10000.5;0.0
2;32600;INTARIAN_PEPPER_ROOT;11761;9;11759;17;;;11773;9;;;;;11767.5;0.0
2;32700;ASH_COATED_OSMIUM;9993;13;9990;13;;;10010;15;10011;21;;;10000.5;0.0
2;32700;INTARIAN_PEPPER_ROOT;11761;11;11757;24;;;11774;10;11778;19;;;11767.5;0.0
2;32800;ASH_COATED_OSMIUM;9992;12;9990;26;;;10008;13;10010;24;;;10000.0;0.0
2;32800;INTARIAN_PEPPER_ROOT;11761;8;11758;17;;;11775;10;;;;;11767.5;0.0
2;32900;ASH_COATED_OSMIUM;9992;10;;;;;10004;14;;;;;10000.0;0.0
2;32900;INTARIAN_PEPPER_ROOT;11762;19;11759;18;;;11774;10;11777;16;;;11767.5;0.0
2;33000;ASH_COATED_OSMIUM;9992;13;;;;;10010;10;10011;22;;;10000.0;0.0
2;33000;INTARIAN_PEPPER_ROOT;11761;11;11758;25;;;11774;8;;;;;11767.5;0.0
2;33100;ASH_COATED_OSMIUM;9992;10;9989;10;;;10009;12;;;;;10000.0;0.0
2;33100;INTARIAN_PEPPER_ROOT;11761;8;;;;;11774;11;11777;16;;;11767.5;0.0
2;33200;ASH_COATED_OSMIUM;9991;15;9990;26;;;10009;14;10011;22;;;10000.5;0.0
2;33200;INTARIAN_PEPPER_ROOT;11759;12;11758;20;;;11773;24;11777;20;;;11767.0;0.0
2;33300;ASH_COATED_OSMIUM;9993;15;9991;29;;;10006;15;10011;22;;;10000.5;0.0
2;33300;INTARIAN_PEPPER_ROOT;11760;12;;;;;11774;11;;;;;11767.0;0.0
2;33400;ASH_COATED_OSMIUM;9993;15;9990;23;;;10010;27;;;;;10000.5;0.0
2;33400;INTARIAN_PEPPER_ROOT;11760;10;11759;19;;;11774;23;;;;;11767.0;0.0
2;33500;ASH_COATED_OSMIUM;9992;12;9989;20;;;10008;22;;;;;10000.0;0.0
2;33500;INTARIAN_PEPPER_ROOT;11761;12;11756;20;;;11774;10;;;;;11767.0;0.0
2;33600;ASH_COATED_OSMIUM;9992;14;9989;25;;;10008;15;10011;28;;;10000.0;0.0
2;33600;INTARIAN_PEPPER_ROOT;11761;10;;;;;11773;8;11776;23;;;11767.0;0.0
2;33700;ASH_COATED_OSMIUM;9993;15;9990;20;;;10009;25;;;;;10000.5;0.0
2;33700;INTARIAN_PEPPER_ROOT;11761;10;11758;17;;;11773;10;;;;;11767.0;0.0
2;33800;ASH_COATED_OSMIUM;9996;20;9991;30;;;10006;11;10014;24;;;10000.5;0.0
2;33800;INTARIAN_PEPPER_ROOT;11761;11;;;;;11775;10;11776;22;;;11767.0;0.0
2;33900;ASH_COATED_OSMIUM;9996;26;;;;;10010;14;10011;24;;;10001.0;0.0
2;33900;INTARIAN_PEPPER_ROOT;11760;10;11758;25;;;11775;9;;;;;11767.0;0.0
2;34000;ASH_COATED_OSMIUM;9993;27;;;;;10009;14;;;;;10001.0;0.0
2;34000;INTARIAN_PEPPER_ROOT;11762;12;;;;;11773;8;;;;;11767.0;0.0
2;34100;ASH_COATED_OSMIUM;9993;13;9989;26;;;10009;11;;;;;10001.0;0.0
2;34100;INTARIAN_PEPPER_ROOT;11765;11;11756;24;;;11774;12;11776;18;;;11767.0;0.0
2;34200;ASH_COATED_OSMIUM;9991;14;;;;;10011;15;10011;30;;;10000.5;0.0
2;34200;INTARIAN_PEPPER_ROOT;11761;11;11758;24;;;11773;12;;;;;11767.0;0.0
2;34300;ASH_COATED_OSMIUM;9992;20;;;;;10011;13;10012;28;;;10001.0;0.0
2;34300;INTARIAN_PEPPER_ROOT;11761;10;11758;15;;;11773;12;11775;16;;;11767.0;0.0
2;34400;ASH_COATED_OSMIUM;9993;14;9990;27;;;10009;10;10012;30;;;10001.0;0.0
2;34400;INTARIAN_PEPPER_ROOT;11760;23;11758;22;;;11774;23;;;;;11766.5;0.0
2;34500;ASH_COATED_OSMIUM;9993;13;9990;27;;;10010;11;;;;;10000.5;0.0
2;34500;INTARIAN_PEPPER_ROOT;11761;8;11757;16;;;11773;9;11777;21;;;11766.5;0.0
2;34600;ASH_COATED_OSMIUM;9992;30;9990;25;;;10008;14;;;;;10000.0;0.0
2;34600;INTARIAN_PEPPER_ROOT;11759;9;;;;;11774;9;11775;23;;;11766.5;0.0
2;34700;ASH_COATED_OSMIUM;9992;12;9989;20;;;10008;10;10012;24;;;10000.0;0.0
2;34700;INTARIAN_PEPPER_ROOT;11760;12;;;;;11773;11;11776;22;;;11766.5;0.0
2;34800;ASH_COATED_OSMIUM;9992;11;;;;;10009;10;10012;30;;;10000.0;0.0
2;34800;INTARIAN_PEPPER_ROOT;11761;11;;;;;11774;12;;;;;11766.5;0.0
2;34900;ASH_COATED_OSMIUM;9991;13;9990;21;;;10009;11;;;;;9999.5;0.0
2;34900;INTARIAN_PEPPER_ROOT;11760;10;;;;;11773;9;11776;23;;;11766.5;0.0
2;35000;ASH_COATED_OSMIUM;9992;11;9988;27;;;10009;20;;;;;9999.5;0.0
2;35000;INTARIAN_PEPPER_ROOT;11760;8;;;;;11774;12;;;;;11766.5;0.0
2;35100;ASH_COATED_OSMIUM;9992;29;;;;;10008;10;10010;22;;;10000.0;0.0
2;35100;INTARIAN_PEPPER_ROOT;11760;11;;;;;11773;12;;;;;11766.5;0.0
2;35200;ASH_COATED_OSMIUM;9991;11;9989;30;;;10008;12;10008;22;;;9999.5;0.0
2;35200;INTARIAN_PEPPER_ROOT;11761;11;;;;;11771;9;;;;;11766.5;0.0
2;35300;ASH_COATED_OSMIUM;9993;10;9988;25;;;10008;12;;;;;9999.5;0.0
2;35300;INTARIAN_PEPPER_ROOT;11758;10;;;;;11773;23;11776;9;;;11766.0;0.0
2;35400;ASH_COATED_OSMIUM;9991;12;9995;25;;;10008;12;;;;;9999.5;0.0
2;35400;INTARIAN_PEPPER_ROOT;11761;7;11756;18;;;11773;8;11774;23;;;11766.0;0.0
2;35500;ASH_COATED_OSMIUM;9992;13;;;;;10008;13;10011;27;;;10000.0;0.0
2;35500;INTARIAN_PEPPER_ROOT;11760;8;11757;21;;;11772;10;;;;;11766.0;0.0
2;35600;ASH_COATED_OSMIUM;9993;14;9989;20;;;10009;15;10011;24;;;10000.5;0.0
2;35600;INTARIAN_PEPPER_ROOT;11759;9;11756;19;;;11772;12;11775;22;;;11766.0;0.0
2;35700;ASH_COATED_OSMIUM;9994;10;9991;10;;;10010;13;10012;21;;;10001.5;0.0
2;35700;INTARIAN_PEPPER_ROOT;11761;11;11757;24;;;11773;12;;;;;11766.0;0.0
2;35800;ASH_COATED_OSMIUM;9994;30;;;;;10012;11;;;;;10001.5;0.0
2;35800;INTARIAN_PEPPER_ROOT;11759;8;11757;10;;;11768;9;;;;;11766.0;0.0
2;35900;ASH_COATED_OSMIUM;9994;15;9990;28;;;10010;14;10013;27;;;10002.0;0.0
2;35900;INTARIAN_PEPPER_ROOT;11758;10;11758;24;;;11772;11;;;;;11766.0;0.0
2;36000;ASH_COATED_OSMIUM;9994;15;;;;;10010;13;10015;28;;;10002.0;0.0
2;36000;INTARIAN_PEPPER_ROOT;11760;8;11757;20;;;11773;17;11776;15;;;11766.0;0.0
2;36100;ASH_COATED_OSMIUM;9993;30;9991;22;;;10012;12;10010;23;;;10002.0;0.0
2;36100;INTARIAN_PEPPER_ROOT;11760;25;;;;;11768;9;;;;;11766.0;0.0
2;36200;ASH_COATED_OSMIUM;9994;12;9995;23;;;10010;11;10013;25;;;10001.5;0.0
2;36200;INTARIAN_PEPPER_ROOT;11758;12;11759;23;;;11772;22;;;;;11766.0;0.0
2;36300;ASH_COATED_OSMIUM;9993;10;;;;;10009;12;10011;27;;;10001.0;0.0
2;36300;INTARIAN_PEPPER_ROOT;11758;8;11758;19;;;11773;9;;;;;11766.0;0.0
2;36400;ASH_COATED_OSMIUM;9992;12;;;;;10009;11;;;;;10001.0;0.0
2;36400;INTARIAN_PEPPER_ROOT;11760;11;11755;24;;;11772;15;;;;;11765.5;0.0
2;36500;ASH_COATED_OSMIUM;9993;5;9990;24;;;10012;10;;;;;10001.0;0.0
2;36500;INTARIAN_PEPPER_ROOT;11758;11;11756;20;;;11772;8;11773;15;;;11765.5;0.0
2;36600;ASH_COATED_OSMIUM;9996;14;9990;29;;;10010;14;10012;25;;;10000.5;0.0
2;36600;INTARIAN_PEPPER_ROOT;11759;11;11757;21;;;11772;10;11775;21;;;11765.5;0.0
2;36700;ASH_COATED_OSMIUM;9993;14;;;;;10009;20;;;;;10001.0;0.0
2;36700;INTARIAN_PEPPER_ROOT;11758;9;11758;23;;;11774;10;11774;20;;;11765.5;0.0
2;36800;ASH_COATED_OSMIUM;9995;15;;;;;10009;28;;;;;10000.5;0.0
2;36800;INTARIAN_PEPPER_ROOT;11765;11;11756;17;;;11772;11;11775;25;;;11765.5;0.0
2;36900;ASH_COATED_OSMIUM;9993;12;;;;;10009;14;;;;;10001.0;0.0
2;36900;INTARIAN_PEPPER_ROOT;11758;10;11754;15;;;11773;11;11777;24;;;11765.5;0.0
2;37000;ASH_COATED_OSMIUM;9991;15;9990;25;;;10010;30;10011;24;;;10000.5;0.0
2;37000;INTARIAN_PEPPER_ROOT;11759;10;11757;20;;;11772;11;11777;24;;;11765.5;0.0
2;37100;ASH_COATED_OSMIUM;9991;10;;;;;10010;29;;;;;10000.5;0.0
2;37100;INTARIAN_PEPPER_ROOT;11760;10;;;;;11774;20;11775;23;;;11765.5;0.0
2;37200;ASH_COATED_OSMIUM;9993;13;9990;26;;;10010;24;10012;22;;;10000.5;0.0
2;37200;INTARIAN_PEPPER_ROOT;11760;12;11755;16;;;11773;8;11776;16;;;11765.5;0.0
2;37300;ASH_COATED_OSMIUM;9990;11;9989;25;;;10010;11;10011;29;;;10000.0;0.0
2;37300;INTARIAN_PEPPER_ROOT;11760;11;;;;;11772;10;;;;;11765.5;0.0
2;37400;ASH_COATED_OSMIUM;9993;10;;;;;10011;26;10012;25;;;10001.0;0.0
2;37400;INTARIAN_PEPPER_ROOT;11757;12;11756;16;;;11771;8;11774;19;;;11765.0;0.0
2;37500;ASH_COATED_OSMIUM;9993;13;9989;22;;;10009;29;;;;;10000.5;0.0
2;37500;INTARIAN_PEPPER_ROOT;11760;11;;;;;11773;8;11777;19;;;11765.0;0.0
2;37600;ASH_COATED_OSMIUM;9993;13;;;;;10010;15;;;;;10001.5;0.0
2;37600;INTARIAN_PEPPER_ROOT;11759;8;11756;17;;;11773;9;11774;20;;;11765.0;0.0
2;37700;ASH_COATED_OSMIUM;9996;11;9991;21;;;10009;14;;;;;10001.0;0.0
2;37700;INTARIAN_PEPPER_ROOT;11759;8;11756;24;;;11771;15;;;;;11765.0;0.0
2;37800;ASH_COATED_OSMIUM;9993;15;9991;24;;;10009;12;10012;27;;;10001.0;0.0
2;37800;INTARIAN_PEPPER_ROOT;11760;12;11755;12;;;11773;15;11775;23;;;11765.0;0.0
2;37900;ASH_COATED_OSMIUM;9993;11;9990;22;9988;30;10011;13;10012;20;;;10001.0;0.0
2;37900;INTARIAN_PEPPER_ROOT;11759;11;11755;23;;;11772;8;11773;20;;;11765.0;0.0
2;38000;ASH_COATED_OSMIUM;9993;14;;;;;10009;15;;;;;10000.5;0.0
2;38000;INTARIAN_PEPPER_ROOT;11757;9;11756;23;;;11772;10;11775;25;;;11765.0;0.0
2;38100;ASH_COATED_OSMIUM;9992;3;9991;23;;;10010;10;10012;24;;;10001.0;0.0
2;38100;INTARIAN_PEPPER_ROOT;11759;10;;;;;11771;11;11776;15;;;11765.0;0.0
2;38200;ASH_COATED_OSMIUM;9993;10;9990;25;;;10009;12;;;;;10000.5;0.0
2;38200;INTARIAN_PEPPER_ROOT;11759;12;11756;25;;;11771;9;11775;17;;;11765.0;0.0
2;38300;ASH_COATED_OSMIUM;9996;10;9990;27;;;10009;14;;;;;10000.5;0.0
2;38300;INTARIAN_PEPPER_ROOT;11758;12;11756;25;;;11773;11;;;;;11765.0;0.0
2;38400;ASH_COATED_OSMIUM;9991;13;9991;25;;;10009;24;10008;21;;;10000.5;0.0
2;38400;INTARIAN_PEPPER_ROOT;11758;8;11756;24;;;11771;10;;;;;11764.5;0.0
2;38500;ASH_COATED_OSMIUM;9995;12;9991;27;;;10009;15;;;;;10001.0;0.0
2;38500;INTARIAN_PEPPER_ROOT;11755;12;11756;10;;;11771;11;11775;15;;;11764.5;0.0
2;38600;ASH_COATED_OSMIUM;9993;13;;;;;10009;13;10012;29;;;10000.5;0.0
2;38600;INTARIAN_PEPPER_ROOT;11763;12;11756;20;;;11771;19;11776;22;;;11764.5;0.0
2;38700;ASH_COATED_OSMIUM;9992;14;9990;30;;;10009;30;10012;24;;;10000.5;0.0
2;38700;INTARIAN_PEPPER_ROOT;11756;10;;;;;11772;10;11774;20;;;11764.5;0.0
2;38800;ASH_COATED_OSMIUM;9992;14;9990;30;;;10003;14;;;;;10000.0;0.0
2;38800;INTARIAN_PEPPER_ROOT;11758;8;;;;;11773;25;11774;11;;;11764.5;0.0
2;38900;ASH_COATED_OSMIUM;9997;29;9988;28;;;10009;15;;;;;10000.0;0.0
2;38900;INTARIAN_PEPPER_ROOT;11758;12;11756;22;;;11771;9;11775;17;;;11764.5;0.0
2;39000;ASH_COATED_OSMIUM;9992;29;9989;24;;;10008;12;10011;26;;;9999.5;0.0
2;39000;INTARIAN_PEPPER_ROOT;11758;10;11755;15;;;11771;8;11775;25;;;11764.5;0.0
2;39100;ASH_COATED_OSMIUM;9992;11;9990;22;;;10008;14;10011;24;;;9999.5;0.0
2;39100;INTARIAN_PEPPER_ROOT;11759;9;11755;25;;;11771;12;11773;20;;;11764.5;0.0
2;39200;ASH_COATED_OSMIUM;9992;30;9989;22;;;10009;12;;;;;9999.5;0.0
2;39200;INTARIAN_PEPPER_ROOT;11758;9;11758;19;;;11772;8;11773;21;;;11764.5;0.0
2;39300;ASH_COATED_OSMIUM;9995;10;9989;22;;;10009;15;10011;25;;;9999.5;0.0
2;39300;INTARIAN_PEPPER_ROOT;11758;11;11755;20;;;11772;12;11774;21;;;11764.5;0.0
2;39400;ASH_COATED_OSMIUM;9992;14;;;;;10010;12;10012;27;;;10000.0;0.0
2;39400;INTARIAN_PEPPER_ROOT;11756;9;11756;23;;;11771;11;11774;22;;;11764.0;0.0
2;39500;ASH_COATED_OSMIUM;9992;11;9989;29;;;10008;13;10010;21;;;10000.0;0.0
2;39500;INTARIAN_PEPPER_ROOT;11759;10;;;;;11771;8;;;;;11764.0;0.0
2;39600;ASH_COATED_OSMIUM;9991;20;;;;;10008;10;10010;23;;;10000.0;0.0
2;39600;INTARIAN_PEPPER_ROOT;11756;10;11755;23;;;11770;12;11773;18;;;11764.0;0.0
2;39700;ASH_COATED_OSMIUM;9993;28;9991;25;;;10010;14;10014;25;;;10001.0;0.0
2;39700;INTARIAN_PEPPER_ROOT;11758;11;;;;;11770;10;11773;15;;;11764.0;0.0
2;39800;ASH_COATED_OSMIUM;9991;13;;;;;10009;21;10016;30;;;10000.5;0.0
2;39800;INTARIAN_PEPPER_ROOT;11759;12;;;;;11771;16;;;;;11764.0;0.0
2;39900;ASH_COATED_OSMIUM;9992;13;;;;;10008;10;10012;29;;;10000.0;0.0
2;39900;INTARIAN_PEPPER_ROOT;11757;17;;;;;11767;24;;;;;11764.0;0.0
2;40000;ASH_COATED_OSMIUM;9992;11;9990;30;;;10003;14;10010;30;;;10000.0;0.0
2;40000;INTARIAN_PEPPER_ROOT;11758;11;11753;19;;;11771;12;11773;16;;;11764.0;0.0
2;40100;ASH_COATED_OSMIUM;9992;14;9989;24;;;10008;15;10012;25;;;10000.0;0.0
2;40100;INTARIAN_PEPPER_ROOT;11756;12;;;;;11770;12;;;;;11764.0;0.0
2;40200;ASH_COATED_OSMIUM;9992;30;9985;23;;;10008;26;10011;27;;;9999.5;0.0
2;40200;INTARIAN_PEPPER_ROOT;11756;8;11754;15;;;11771;12;11774;16;;;11764.0;0.0
2;40300;ASH_COATED_OSMIUM;9991;13;;;;;10008;11;10010;20;;;10000.0;0.0
2;40300;INTARIAN_PEPPER_ROOT;11756;12;;;;;11770;9;11775;20;;;11764.0;0.0
2;40400;ASH_COATED_OSMIUM;9992;15;9988;20;;;10005;30;10011;14;;;9999.5;0.0
2;40400;INTARIAN_PEPPER_ROOT;11756;10;11752;25;;;11765;12;;;;;11763.5;0.0
2;40500;ASH_COATED_OSMIUM;9992;21;9989;28;;;10008;11;10010;22;;;10000.0;0.0
2;40500;INTARIAN_PEPPER_ROOT;11758;12;11754;18;;;11771;8;11773;24;;;11763.5;0.0
2;40600;ASH_COATED_OSMIUM;9992;26;;;;;10008;15;;;10014;22;9999.5;0.0
2;40600;INTARIAN_PEPPER_ROOT;11757;9;11755;22;;;11772;10;11774;22;;;11763.5;0.0
2;40700;ASH_COATED_OSMIUM;9991;13;9989;29;;;10002;10;10011;20;;;9999.0;0.0
2;40700;INTARIAN_PEPPER_ROOT;11757;21;11755;15;;;11770;9;;;;;11763.5;0.0
2;40800;ASH_COATED_OSMIUM;9990;10;;;;;10009;14;10011;24;10014;21;9999.5;0.0
2;40800;INTARIAN_PEPPER_ROOT;11758;8;11754;15;;;11770;12;11774;24;;;11763.5;0.0
2;40900;ASH_COATED_OSMIUM;9990;11;9988;30;;;10007;12;10009;25;;;9999.0;0.0
2;40900;INTARIAN_PEPPER_ROOT;11757;11;11755;20;;;11771;8;11774;17;;;11763.5;0.0
2;41000;ASH_COATED_OSMIUM;9991;29;9989;23;;;10005;28;10011;20;;;9999.0;0.0
2;41000;INTARIAN_PEPPER_ROOT;11763;12;11756;16;;;11771;11;;;;;11763.5;0.0
2;41100;ASH_COATED_OSMIUM;9992;25;9993;25;;;10008;11;;;;;9999.5;0.0
2;41100;INTARIAN_PEPPER_ROOT;11758;22;11755;20;;;11769;20;11771;17;;;11763.5;0.0
2;41200;ASH_COATED_OSMIUM;9992;10;9989;27;;;10008;15;;;;;9999.5;0.0
2;41200;INTARIAN_PEPPER_ROOT;11763;5;11754;23;;;11770;12;11773;20;;;11763.5;0.0
2;41300;ASH_COATED_OSMIUM;9991;15;9989;21;;;10008;10;10009;26;;;9999.0;0.0
2;41300;INTARIAN_PEPPER_ROOT;11758;9;;;;;11770;11;;;;;11763.5;0.0
2;41400;ASH_COATED_OSMIUM;9991;12;9988;25;;;10007;12;10010;29;;;9999.0;0.0
2;41400;INTARIAN_PEPPER_ROOT;11756;10;;;;;11772;10;;;;;11763.0;0.0
2;41500;ASH_COATED_OSMIUM;9991;26;;;;;10007;13;;;;;9999.0;0.0
2;41500;INTARIAN_PEPPER_ROOT;11755;10;;;;;11769;23;11772;20;;;11763.0;0.0
2;41600;ASH_COATED_OSMIUM;9991;14;;;;;10007;10;10009;22;;;9998.5;0.0
2;41600;INTARIAN_PEPPER_ROOT;11757;19;11754;15;;;11771;11;11774;15;;;11763.0;0.0
2;41700;ASH_COATED_OSMIUM;9994;15;9987;30;;;10008;13;10011;25;;;9999.0;0.0
2;41700;INTARIAN_PEPPER_ROOT;11757;9;11755;18;;;11770;11;;;;;11763.0;0.0
2;41800;ASH_COATED_OSMIUM;9991;15;9989;25;;;10007;13;;;;;9999.0;0.0
2;41800;INTARIAN_PEPPER_ROOT;11756;12;;;;;11771;12;11776;15;;;11763.0;0.0
2;41900;ASH_COATED_OSMIUM;9990;10;9989;28;;;10009;11;;;;;9999.0;0.0
2;41900;INTARIAN_PEPPER_ROOT;11757;17;11755;25;;;11771;11;11773;16;;;11763.0;0.0
2;42000;ASH_COATED_OSMIUM;9989;21;;;;;10008;12;10011;24;;;9999.5;0.0
2;42000;INTARIAN_PEPPER_ROOT;11755;12;11754;15;;;11769;10;11773;19;;;11763.0;0.0
2;42100;ASH_COATED_OSMIUM;9997;15;9990;20;;;10008;13;10010;25;;;9999.5;0.0
2;42100;INTARIAN_PEPPER_ROOT;11758;9;11754;25;;;11769;9;11771;15;;;11763.0;0.0
2;42200;ASH_COATED_OSMIUM;9992;3;9989;23;;;10009;20;;;;;9999.5;0.0
2;42200;INTARIAN_PEPPER_ROOT;11756;10;;;;;11769;11;11772;19;;;11763.0;0.0
2;42300;ASH_COATED_OSMIUM;9992;8;9988;30;;;10009;12;10011;24;;;9999.5;0.0
2;42300;INTARIAN_PEPPER_ROOT;11756;9;;;;;11770;12;;;;;11763.0;0.0
2;42400;ASH_COATED_OSMIUM;9991;15;9989;23;;;10008;23;10011;22;10013;30;9999.0;0.0
2;42400;INTARIAN_PEPPER_ROOT;11755;12;11753;22;;;11771;9;11771;23;;;11762.5;0.0
2;42500;ASH_COATED_OSMIUM;9991;13;;;;;10007;12;;;;;9998.5;0.0
2;42500;INTARIAN_PEPPER_ROOT;11757;25;11755;17;;;11768;21;;;;;11762.5;0.0
2;42600;ASH_COATED_OSMIUM;9990;14;9988;26;;;10003;13;;;;;9998.0;0.0
2;42600;INTARIAN_PEPPER_ROOT;11755;12;;;;;11771;11;11771;21;;;11762.5;0.0
2;42700;ASH_COATED_OSMIUM;9991;14;9988;30;;;10007;10;10009;26;;;9998.5;0.0
2;42700;INTARIAN_PEPPER_ROOT;11757;21;11753;15;;;11768;11;;;;;11762.5;0.0
2;42800;ASH_COATED_OSMIUM;9995;14;9988;25;;;10006;23;10009;21;;;9999.0;0.0
2;42800;INTARIAN_PEPPER_ROOT;11755;8;11753;21;;;11770;8;;;;;11762.5;0.0
2;42900;ASH_COATED_OSMIUM;9992;11;;;;;10008;22;10011;23;;;9999.5;0.0
2;42900;INTARIAN_PEPPER_ROOT;11755;10;11753;24;;;11770;12;11770;17;;;11762.5;0.0
2;43000;ASH_COATED_OSMIUM;9992;15;9990;22;;;10003;15;;;;;10000.0;0.0
2;43000;INTARIAN_PEPPER_ROOT;11757;16;11753;23;;;11769;11;11771;15;;;11762.5;0.0
2;43100;ASH_COATED_OSMIUM;9996;14;;;;;10005;11;10010;30;;;10000.0;0.0
2;43100;INTARIAN_PEPPER_ROOT;11756;23;;;;;11770;9;11772;18;;;11762.5;0.0
2;43200;ASH_COATED_OSMIUM;9993;14;9989;14;;;10009;30;;;;;10000.5;0.0
2;43200;INTARIAN_PEPPER_ROOT;11755;12;11753;15;;;11769;11;11772;21;;;11762.5;0.0
2;43300;ASH_COATED_OSMIUM;9992;25;9990;24;;;10008;10;10011;20;;;10000.0;0.0
2;43300;INTARIAN_PEPPER_ROOT;11756;9;11752;23;;;11769;10;11771;18;;;11762.5;0.0
2;43400;ASH_COATED_OSMIUM;9996;14;;;;;10010;15;10012;23;;;10000.5;0.0
2;43400;INTARIAN_PEPPER_ROOT;11761;8;11752;18;;;11769;22;11770;18;;;11762.5;0.0
2;43500;ASH_COATED_OSMIUM;9993;13;;;;;10006;11;10011;21;;;10001.0;0.0
2;43500;INTARIAN_PEPPER_ROOT;11756;9;;;;;11770;12;11772;17;;;11762.0;0.0
2;43600;ASH_COATED_OSMIUM;9993;5;;;;;10004;12;10013;28;;;10001.0;0.0
2;43600;INTARIAN_PEPPER_ROOT;11756;8;;;;;11769;11;;;;;11762.0;0.0
2;43700;ASH_COATED_OSMIUM;9991;10;9990;23;;;10008;12;;;;;10000.0;0.0
2;43700;INTARIAN_PEPPER_ROOT;11757;9;;;;;11769;12;;;;;11762.0;0.0
2;43800;ASH_COATED_OSMIUM;9991;14;9990;23;;;10008;14;;;;;9999.5;0.0
2;43800;INTARIAN_PEPPER_ROOT;11755;11;11753;18;;;11769;8;11771;23;;;11762.0;0.0
2;43900;ASH_COATED_OSMIUM;9991;14;9988;26;;;10007;13;;;;;9999.0;0.0
2;43900;INTARIAN_PEPPER_ROOT;11756;11;11752;24;;;11768;17;11773;20;;;11762.0;0.0
2;44000;ASH_COATED_OSMIUM;9989;11;;;;;10007;14;10010;27;;;9998.5;0.0
2;44000;INTARIAN_PEPPER_ROOT;11755;9;11754;24;;;11769;8;11772;25;;;11762.0;0.0
2;44100;ASH_COATED_OSMIUM;9991;30;9991;23;;;10007;13;10009;21;;;9998.5;0.0
2;44100;INTARIAN_PEPPER_ROOT;11755;12;;;;;11769;11;11770;17;;;11762.0;0.0
2;44200;ASH_COATED_OSMIUM;9990;12;9992;29;;;10009;15;10011;20;;;9999.0;0.0
2;44200;INTARIAN_PEPPER_ROOT;11755;19;11753;17;;;11769;8;11771;16;;;11762.0;0.0
2;44300;ASH_COATED_OSMIUM;9991;12;;;;;10002;10;10009;30;;;9999.0;0.0
2;44300;INTARIAN_PEPPER_ROOT;11756;11;11753;24;;;11768;10;11771;16;;;11762.0;0.0
2;44400;ASH_COATED_OSMIUM;9991;25;;;;;10007;11;10010;21;;;9999.0;0.0
2;44400;INTARIAN_PEPPER_ROOT;11755;10;11754;24;;;11769;9;;;;;11762.0;0.0
2;44500;ASH_COATED_OSMIUM;9990;12;;;;;10007;12;10012;23;;;9998.5;0.0
2;44500;INTARIAN_PEPPER_ROOT;11755;12;11754;22;;;11770;10;11773;17;;;11761.5;0.0
2;44600;ASH_COATED_OSMIUM;9991;10;;;;;10002;11;10010;25;;;9999.0;0.0
2;44600;INTARIAN_PEPPER_ROOT;11756;18;;;;;11768;9;11770;21;;;11761.5;0.0
2;44700;ASH_COATED_OSMIUM;9991;15;9989;30;;;10007;10;10005;14;;;9999.0;0.0
2;44700;INTARIAN_PEPPER_ROOT;11755;17;11754;20;;;11768;9;11771;20;;;11761.5;0.0
2;44800;ASH_COATED_OSMIUM;9990;11;9990;27;;;10006;15;10011;25;;;9999.5;0.0
2;44800;INTARIAN_PEPPER_ROOT;11756;10;11753;16;;;11768;8;11770;24;;;11761.5;0.0
2;44900;ASH_COATED_OSMIUM;9992;30;9989;21;;;10008;14;10007;22;;;9999.5;0.0
2;44900;INTARIAN_PEPPER_ROOT;11755;11;11758;21;;;11768;10;11771;21;;;11761.5;0.0
2;45000;ASH_COATED_OSMIUM;9991;13;9990;22;;;10008;21;10010;25;;;10000.0;0.0
2;45000;INTARIAN_PEPPER_ROOT;11753;9;11753;16;;;11769;24;;;;;11761.5;0.0
2;45100;ASH_COATED_OSMIUM;9991;12;9990;26;;;10010;2;10010;30;;;10000.0;0.0
2;45100;INTARIAN_PEPPER_ROOT;11754;9;11748;25;;;11769;9;;;;;11761.5;0.0
2;45200;ASH_COATED_OSMIUM;9991;12;9990;24;;;10009;14;10010;28;;;10000.0;0.0
2;45200;INTARIAN_PEPPER_ROOT;11756;8;11754;16;;;11768;20;11771;23;;;11761.5;0.0
2;45300;ASH_COATED_OSMIUM;9992;12;9989;29;;;10008;10;;;;;10000.0;0.0
2;45300;INTARIAN_PEPPER_ROOT;11756;8;11752;19;;;11770;10;11771;21;;;11761.5;0.0
2;45400;ASH_COATED_OSMIUM;9992;10;;;;;10009;14;10012;25;;;10000.5;0.0
2;45400;INTARIAN_PEPPER_ROOT;11754;12;11753;23;;;11769;16;;;;;11761.5;0.0
2;45500;ASH_COATED_OSMIUM;9991;15;9990;30;;;10011;25;10011;20;;;10000.5;0.0
2;45500;INTARIAN_PEPPER_ROOT;11756;17;11754;21;;;11770;10;11772;20;;;11761.5;0.0
2;45600;ASH_COATED_OSMIUM;9993;12;9989;13;;;10004;30;10012;20;;;10000.5;0.0
2;45600;INTARIAN_PEPPER_ROOT;11755;10;11753;18;;;11769;11;11769;19;;;11761.0;0.0
2;45700;ASH_COATED_OSMIUM;9998;26;9991;28;;;10010;13;;;;;10000.5;0.0
2;45700;INTARIAN_PEPPER_ROOT;11755;8;11749;23;;;11767;8;;;;;11761.0;0.0
2;45800;ASH_COATED_OSMIUM;9992;11;;;;;10009;14;10014;28;;;10000.0;0.0
2;45800;INTARIAN_PEPPER_ROOT;11755;19;11753;18;;;11768;12;11770;10;;;11761.0;0.0
2;45900;ASH_COATED_OSMIUM;9992;10;9990;21;;;10009;13;10012;21;;;10000.5;0.0
2;45900;INTARIAN_PEPPER_ROOT;11755;10;11750;16;;;11766;10;11770;24;;;11761.0;0.0
2;46000;ASH_COATED_OSMIUM;9991;14;9991;25;;;10007;12;;;;;10000.5;0.0
2;46000;INTARIAN_PEPPER_ROOT;11754;10;;;;;11768;12;11770;22;;;11761.0;0.0
2;46100;ASH_COATED_OSMIUM;9991;15;9990;28;;;10008;12;10012;11;;;10000.0;0.0
2;46100;INTARIAN_PEPPER_ROOT;11755;10;;;;;11767;10;11769;18;;;11761.0;0.0
2;46200;ASH_COATED_OSMIUM;9993;11;9991;21;;;10009;15;10012;20;;;10000.5;0.0
2;46200;INTARIAN_PEPPER_ROOT;11756;11;11752;17;;;11767;8;11769;21;;;11761.0;0.0
2;46300;ASH_COATED_OSMIUM;9993;13;9989;26;;;10009;15;;;;;10000.5;0.0
2;46300;INTARIAN_PEPPER_ROOT;11754;12;11752;24;;;11762;10;;;;;11761.0;0.0
2;46400;ASH_COATED_OSMIUM;9992;11;9990;20;;;10010;11;10010;24;;;10000.0;0.0
2;46400;INTARIAN_PEPPER_ROOT;11757;11;;;;;11767;8;;;;;11761.0;0.0
2;46500;ASH_COATED_OSMIUM;9992;30;;;;;10005;14;10010;26;;;10000.0;0.0
2;46500;INTARIAN_PEPPER_ROOT;11754;8;11752;20;;;11768;11;11771;24;;;11761.0;0.0
2;46600;ASH_COATED_OSMIUM;9992;11;;;;;10005;12;10012;24;;;10000.5;0.0
2;46600;INTARIAN_PEPPER_ROOT;11754;8;11750;19;;;11768;8;11769;22;;;11760.5;0.0
2;46700;ASH_COATED_OSMIUM;9992;30;;;;;10008;11;10011;27;;;10000.0;0.0
2;46700;INTARIAN_PEPPER_ROOT;11754;12;;;;;11765;11;11771;21;;;11760.5;0.0
2;46800;ASH_COATED_OSMIUM;9993;15;9991;23;;;10010;12;;;;;10000.5;0.0
2;46800;INTARIAN_PEPPER_ROOT;11754;16;11752;18;;;11768;11;11770;23;;;11760.5;0.0
2;46900;ASH_COATED_OSMIUM;9992;12;9989;29;;;10008;25;;;;;10000.0;0.0
2;46900;INTARIAN_PEPPER_ROOT;11754;10;11751;19;;;11766;12;11771;21;;;11760.5;0.0
2;47000;ASH_COATED_OSMIUM;9991;29;9989;23;;;10008;13;10010;20;;;10000.0;0.0
2;47000;INTARIAN_PEPPER_ROOT;11754;10;11752;24;;;11766;12;11765;17;;;11760.5;0.0
2;47100;ASH_COATED_OSMIUM;9991;14;9991;30;;;10009;14;10011;26;;;10001.0;0.0
2;47100;INTARIAN_PEPPER_ROOT;11755;8;11751;17;;;11768;12;11769;22;;;11760.5;0.0
2;47200;ASH_COATED_OSMIUM;9993;10;;;;;10009;15;;;;;10000.5;0.0
2;47200;INTARIAN_PEPPER_ROOT;11755;9;11749;17;;;11769;8;11771;25;;;11760.5;0.0
2;47300;ASH_COATED_OSMIUM;9992;27;9988;23;9985;23;10008;11;10011;25;;;10000.0;0.0
2;47300;INTARIAN_PEPPER_ROOT;11754;10;;;;;11767;11;11771;24;;;11760.5;0.0
2;47400;ASH_COATED_OSMIUM;9993;10;9990;27;;;10010;5;10013;28;;;10000.5;0.0
2;47400;INTARIAN_PEPPER_ROOT;11755;9;11750;22;;;11766;12;;;;;11760.5;0.0
2;47500;ASH_COATED_OSMIUM;9992;13;9990;26;;;10008;12;;;;;10000.0;0.0
2;47500;INTARIAN_PEPPER_ROOT;11754;9;;;;;11769;10;;;;;11760.5;0.0
2;47600;ASH_COATED_OSMIUM;9992;10;;;;;10009;15;10012;30;;;10000.5;0.0
2;47600;INTARIAN_PEPPER_ROOT;11753;12;11751;21;;;11767;11;;;;;11760.0;0.0
2;47700;ASH_COATED_OSMIUM;9993;25;9990;30;9986;27;10009;11;;;;;10001.0;0.0
2;47700;INTARIAN_PEPPER_ROOT;11753;10;11750;22;;;11766;10;11765;16;;;11760.0;0.0
2;47800;ASH_COATED_OSMIUM;9993;22;9990;20;;;10012;23;10013;24;;;10001.0;0.0
2;47800;INTARIAN_PEPPER_ROOT;11756;11;11750;21;;;11768;11;;;;;11760.0;0.0
2;47900;ASH_COATED_OSMIUM;9993;10;9991;30;;;10009;14;10011;21;;;10001.0;0.0
2;47900;INTARIAN_PEPPER_ROOT;11753;9;11750;16;;;11766;10;11771;22;;;11760.0;0.0
2;48000;ASH_COATED_OSMIUM;9993;10;9990;20;;;10011;13;;;;;10000.5;0.0
2;48000;INTARIAN_PEPPER_ROOT;11753;10;11750;20;;;11766;12;11770;12;;;11760.0;0.0
2;48100;ASH_COATED_OSMIUM;9992;30;9991;30;;;10010;11;10007;22;;;10000.5;0.0
2;48100;INTARIAN_PEPPER_ROOT;11754;9;11751;15;;;11766;12;11769;15;;;11760.0;0.0
2;48200;ASH_COATED_OSMIUM;9993;12;9990;22;;;10010;10;;;;;10000.5;0.0
2;48200;INTARIAN_PEPPER_ROOT;11754;8;;;;;11767;12;11770;25;;;11760.0;0.0
2;48300;ASH_COATED_OSMIUM;9993;15;9991;26;;;10011;29;10014;27;;;10000.5;0.0
2;48300;INTARIAN_PEPPER_ROOT;11754;10;11750;17;;;11767;11;;;;;11760.0;0.0
2;48400;ASH_COATED_OSMIUM;9993;14;;;;;10009;11;;;;;10000.5;0.0
2;48400;INTARIAN_PEPPER_ROOT;11753;19;11751;18;;;11767;9;;;;;11760.0;0.0
2;48500;ASH_COATED_OSMIUM;9993;14;;;;;10009;12;10011;30;;;10000.5;0.0
2;48500;INTARIAN_PEPPER_ROOT;11755;11;11750;15;;;11766;9;11769;18;;;11760.0;0.0
2;48600;ASH_COATED_OSMIUM;9992;11;;;;;10009;14;;;;;10001.0;0.0
2;48600;INTARIAN_PEPPER_ROOT;11754;16;11749;19;;;11766;8;;;11775;17;11760.0;0.0
2;48700;ASH_COATED_OSMIUM;9994;13;;;;;10010;26;10013;21;;;10001.5;0.0
2;48700;INTARIAN_PEPPER_ROOT;11754;18;;;;;11761;12;;;;;11759.5;0.0
2;48800;ASH_COATED_OSMIUM;9993;22;9990;30;;;10005;10;;;;;10001.0;0.0
2;48800;INTARIAN_PEPPER_ROOT;11754;12;;;;;11767;10;;;;;11759.5;0.0
2;48900;ASH_COATED_OSMIUM;9996;15;9989;27;;;10010;11;10011;24;10017;23;10000.5;0.0
2;48900;INTARIAN_PEPPER_ROOT;11754;11;11750;21;;;11761;9;11767;15;;;11759.5;0.0
2;49000;ASH_COATED_OSMIUM;9993;15;9996;21;;;10009;12;10012;30;;;10001.0;0.0
2;49000;INTARIAN_PEPPER_ROOT;11753;10;;;;;11765;9;11770;18;;;11759.5;0.0
2;49100;ASH_COATED_OSMIUM;9993;14;;;;;10009;15;;;;;10001.0;0.0
2;49100;INTARIAN_PEPPER_ROOT;11754;8;11752;25;;;11766;11;;;;;11759.5;0.0
2;49200;ASH_COATED_OSMIUM;9994;14;9992;22;;;10006;12;10012;29;;;10001.5;0.0
2;49200;INTARIAN_PEPPER_ROOT;11753;8;11750;10;;;11766;10;11769;23;;;11759.5;0.0
2;49300;ASH_COATED_OSMIUM;9994;11;;;;;10010;14;;;;;10001.5;0.0
2;49300;INTARIAN_PEPPER_ROOT;11753;9;;;;;11761;8;11769;25;;;11759.5;0.0
2;49400;ASH_COATED_OSMIUM;9994;12;9991;24;;;10010;26;10012;29;;;10001.5;0.0
2;49400;INTARIAN_PEPPER_ROOT;11753;8;11751;18;;;11768;12;11769;22;;;11759.5;0.0
2;49500;ASH_COATED_OSMIUM;9994;11;;;;;10010;12;;;;;10001.5;0.0
2;49500;INTARIAN_PEPPER_ROOT;11753;12;11751;15;;;11765;16;11769;21;;;11759.0;0.0
2;49600;ASH_COATED_OSMIUM;9993;12;9992;21;;;10010;24;10012;22;;;10001.5;0.0
2;49600;INTARIAN_PEPPER_ROOT;11751;9;;;;;11766;4;;;;;11759.0;0.0
2;49700;ASH_COATED_OSMIUM;9993;14;9996;29;;;10009;14;10013;23;;;10001.0;0.0
2;49700;INTARIAN_PEPPER_ROOT;11754;10;11751;15;;;11766;12;11764;23;;;11759.0;0.0
2;49800;ASH_COATED_OSMIUM;9992;12;;;;;10010;15;10013;21;;;10001.5;0.0
2;49800;INTARIAN_PEPPER_ROOT;11751;8;;;;;11766;10;11770;16;;;11759.0;0.0
2;49900;ASH_COATED_OSMIUM;9997;11;;;;;10004;11;;;;;10001.0;0.0
2;49900;INTARIAN_PEPPER_ROOT;11753;9;11751;24;;;11766;10;11769;15;;;11759.0;0.0
2;50000;ASH_COATED_OSMIUM;9993;14;9991;21;;;10009;23;10011;26;;;10001.0;0.0
2;50000;INTARIAN_PEPPER_ROOT;11753;11;;;;;11767;8;;;;;11759.0;0.0
2;50100;ASH_COATED_OSMIUM;9992;11;9990;21;;;10009;14;10010;21;;;10000.0;0.0
2;50100;INTARIAN_PEPPER_ROOT;11753;8;11751;24;;;11767;8;11769;24;;;11759.0;0.0
2;50200;ASH_COATED_OSMIUM;9991;10;9990;20;;;10011;10;10011;26;;;10000.0;0.0
2;50200;INTARIAN_PEPPER_ROOT;11752;10;11755;17;;;11766;12;11768;20;;;11759.0;0.0
2;50300;ASH_COATED_OSMIUM;9992;11;9990;29;;;10008;10;10011;29;;;9999.5;0.0
2;50300;INTARIAN_PEPPER_ROOT;11753;9;11749;22;;;11768;12;;;;;11759.0;0.0
2;50400;ASH_COATED_OSMIUM;9992;15;9990;22;;;10008;13;10011;29;;;10000.0;0.0
2;50400;INTARIAN_PEPPER_ROOT;11752;8;11750;21;;;11766;12;11770;18;;;11759.0;0.0
2;50500;ASH_COATED_OSMIUM;9992;5;9990;29;;;10008;15;10010;23;;;9999.5;0.0
2;50500;INTARIAN_PEPPER_ROOT;11754;9;11750;21;;;11765;20;11769;23;;;11759.0;0.0
2;50600;ASH_COATED_OSMIUM;9995;15;9990;26;;;10008;11;10011;25;;;9999.5;0.0
2;50600;INTARIAN_PEPPER_ROOT;11752;6;;;;;11765;10;;;;;11758.5;0.0
2;50700;ASH_COATED_OSMIUM;9992;11;;;;;10009;14;;;;;9999.5;0.0
2;50700;INTARIAN_PEPPER_ROOT;11752;11;;;;;11765;8;11768;25;;;11758.5;0.0
2;50800;ASH_COATED_OSMIUM;9993;24;9990;25;;;10009;10;10012;27;;;10000.5;0.0
2;50800;INTARIAN_PEPPER_ROOT;11752;8;11749;20;;;11766;10;;;;;11758.5;0.0
2;50900;ASH_COATED_OSMIUM;9993;10;;;;;10009;12;10012;27;;;10000.5;0.0
2;50900;INTARIAN_PEPPER_ROOT;11752;8;11748;16;;;11767;10;;;;;11758.5;0.0
2;51000;ASH_COATED_OSMIUM;9992;4;;;;;10008;11;10010;22;;;10000.0;0.0
2;51000;INTARIAN_PEPPER_ROOT;11755;19;11750;21;;;11765;12;11767;24;;;11758.5;0.0
2;51100;ASH_COATED_OSMIUM;9992;29;;;;;10008;13;;;;;10000.0;0.0
2;51100;INTARIAN_PEPPER_ROOT;11753;10;;;;;11765;11;;;;;11758.5;0.0
2;51200;ASH_COATED_OSMIUM;9993;14;9990;26;;;10009;21;10012;30;;;10001.0;0.0
2;51200;INTARIAN_PEPPER_ROOT;11752;19;11749;22;;;11766;11;11767;23;;;11758.5;0.0
2;51300;ASH_COATED_OSMIUM;9994;11;9991;30;;;10010;13;;;;;10002.0;0.0
2;51300;INTARIAN_PEPPER_ROOT;11753;8;11749;17;;;11768;9;11768;20;;;11758.5;0.0
2;51400;ASH_COATED_OSMIUM;9992;20;9991;23;;;10010;13;;;;;10001.5;0.0
2;51400;INTARIAN_PEPPER_ROOT;11753;11;11749;19;;;11766;12;11768;25;;;11758.5;0.0
2;51500;ASH_COATED_OSMIUM;9994;11;9991;20;;;10010;10;;;;;10002.0;0.0
2;51500;INTARIAN_PEPPER_ROOT;11752;9;11748;22;;;11766;8;;;;;11758.5;0.0
2;51600;ASH_COATED_OSMIUM;9993;12;;;;;10010;11;10013;23;;;10001.5;0.0
2;51600;INTARIAN_PEPPER_ROOT;11752;8;11749;17;;;11766;9;;;;;11758.0;0.0
2;51700;ASH_COATED_OSMIUM;9992;25;9990;26;;;10009;12;10011;30;;;10001.0;0.0
2;51700;INTARIAN_PEPPER_ROOT;11751;20;11750;15;;;11765;8;11767;15;;;11758.0;0.0
2;51800;ASH_COATED_OSMIUM;9993;14;;;;;10009;13;10011;22;;;10000.5;0.0
2;51800;INTARIAN_PEPPER_ROOT;11751;10;;;;;11765;10;11767;21;;;11758.0;0.0
2;51900;ASH_COATED_OSMIUM;9992;27;9992;27;;;10010;21;10013;25;;;10001.5;0.0
2;51900;INTARIAN_PEPPER_ROOT;11750;12;11750;20;;;11766;12;;;;;11758.0;0.0
2;52000;ASH_COATED_OSMIUM;9993;11;9990;20;;;10007;13;10012;26;;;10001.0;0.0
2;52000;INTARIAN_PEPPER_ROOT;11752;9;11750;21;;;11764;8;;;;;11758.0;0.0
2;52100;ASH_COATED_OSMIUM;9992;10;9990;25;;;10004;12;10012;30;;;10001.0;0.0
2;52100;INTARIAN_PEPPER_ROOT;11752;18;11749;25;;;11759;8;11768;15;;;11758.0;0.0
2;52200;ASH_COATED_OSMIUM;9992;14;9989;26;;;10009;10;10014;27;;;10000.0;0.0
2;52200;INTARIAN_PEPPER_ROOT;11751;18;;;11747;17;11765;20;11767;22;;;11758.0;0.0
2;52300;ASH_COATED_OSMIUM;9992;11;9990;21;;;10008;13;;;;;10000.0;0.0
2;52300;INTARIAN_PEPPER_ROOT;11750;8;11748;19;;;11765;9;;;;;11758.0;0.0
2;52400;ASH_COATED_OSMIUM;9992;10;;;;;10005;10;;;;;10000.0;0.0
2;52400;INTARIAN_PEPPER_ROOT;11752;9;11749;22;;;11760;9;11768;16;;;11758.0;0.0
2;52500;ASH_COATED_OSMIUM;9992;13;;;;;10009;13;10012;22;;;10000.0;0.0
2;52500;INTARIAN_PEPPER_ROOT;11752;10;11749;16;;;11765;9;;;;;11758.0;0.0
2;52600;ASH_COATED_OSMIUM;9991;26;9990;25;;;10006;12;10012;26;;;10000.5;0.0
2;52600;INTARIAN_PEPPER_ROOT;11749;11;;;;;11765;8;;;;;11758.0;0.0
2;52700;ASH_COATED_OSMIUM;9991;13;9990;22;;;10008;12;10012;28;;;10000.0;0.0
2;52700;INTARIAN_PEPPER_ROOT;11752;8;;;;;11764;8;11768;8;;;11757.5;0.0
2;52800;ASH_COATED_OSMIUM;9992;10;;;;;10008;13;10010;24;;;10000.0;0.0
2;52800;INTARIAN_PEPPER_ROOT;11751;9;11750;19;;;11761;10;11766;20;;;11757.5;0.0
2;52900;ASH_COATED_OSMIUM;9992;13;9989;24;9986;24;10008;11;;;;;9999.5;0.0
2;52900;INTARIAN_PEPPER_ROOT;11751;11;11746;20;;;11764;12;11767;16;;;11757.5;0.0
2;53000;ASH_COATED_OSMIUM;9992;15;;;;;10008;10;;;;;9999.5;0.0
2;53000;INTARIAN_PEPPER_ROOT;11751;8;11748;25;;;11766;25;;;;;11757.5;0.0
2;53100;ASH_COATED_OSMIUM;9992;12;9989;20;;;10008;14;10011;29;;;9999.5;0.0
2;53100;INTARIAN_PEPPER_ROOT;11752;11;11748;12;;;11765;12;11770;25;;;11757.5;0.0
2;53200;ASH_COATED_OSMIUM;9992;12;;;;;10008;13;10010;26;;;10000.0;0.0
2;53200;INTARIAN_PEPPER_ROOT;11751;8;;;;;11765;12;11766;24;;;11757.5;0.0
2;53300;ASH_COATED_OSMIUM;9990;11;;;;;10007;13;10010;25;;;9999.0;0.0
2;53300;INTARIAN_PEPPER_ROOT;11752;8;11749;24;;;11765;20;11766;15;;;11757.5;0.0
2;53400;ASH_COATED_OSMIUM;9991;15;9988;26;9986;21;10009;11;10010;27;;;9999.0;0.0
2;53400;INTARIAN_PEPPER_ROOT;11752;22;;;;;11766;11;;;;;11757.5;0.0
2;53500;ASH_COATED_OSMIUM;9991;10;9988;20;;;10008;10;;;;;9999.5;0.0
2;53500;INTARIAN_PEPPER_ROOT;11751;8;11749;21;;;11764;12;;;;;11757.5;0.0
2;53600;ASH_COATED_OSMIUM;9996;10;;;;;10007;15;;;;;9998.5;0.0
2;53600;INTARIAN_PEPPER_ROOT;11752;8;;;;;11765;8;11768;22;;;11757.5;0.0
2;53700;ASH_COATED_OSMIUM;9991;15;;;;;10007;15;10009;20;;;9999.0;0.0
2;53700;INTARIAN_PEPPER_ROOT;11751;8;;;;;11765;9;;;;;11757.5;0.0
2;53800;ASH_COATED_OSMIUM;9991;10;;;;;10007;27;;;;;9999.0;0.0
2;53800;INTARIAN_PEPPER_ROOT;11750;9;;;;;11763;23;;;;;11757.0;0.0
2;53900;ASH_COATED_OSMIUM;9996;11;;;;;10004;10;10010;23;;;9999.5;0.0
2;53900;INTARIAN_PEPPER_ROOT;11750;8;11748;19;;;11764;8;11767;18;;;11757.0;0.0
2;54000;ASH_COATED_OSMIUM;9992;10;;;;;10008;11;10011;27;;;10000.0;0.0
2;54000;INTARIAN_PEPPER_ROOT;11750;25;11748;16;;;11764;11;11767;25;;;11757.0;0.0
2;54100;ASH_COATED_OSMIUM;9992;12;9989;28;;;10008;12;10010;23;;;10000.0;0.0
2;54100;INTARIAN_PEPPER_ROOT;11750;18;;;;;11764;10;11766;18;;;11757.0;0.0
2;54200;ASH_COATED_OSMIUM;9992;21;9988;23;;;10008;15;10008;22;10013;22;9999.5;0.0
2;54200;INTARIAN_PEPPER_ROOT;11752;8;;;;;11763;8;;;;;11757.0;0.0
2;54300;ASH_COATED_OSMIUM;9991;12;9989;12;;;10008;12;10011;29;;;9999.5;0.0
2;54300;INTARIAN_PEPPER_ROOT;11750;11;;;;;11763;15;11766;20;;;11757.0;0.0
2;54400;ASH_COATED_OSMIUM;9992;11;;;;;10003;13;10010;24;;;9999.5;0.0
2;54400;INTARIAN_PEPPER_ROOT;11750;9;11747;22;;;11765;12;;;;;11757.0;0.0
2;54500;ASH_COATED_OSMIUM;9991;14;9990;26;;;10008;29;10011;30;;;9999.5;0.0
2;54500;INTARIAN_PEPPER_ROOT;11749;10;;;;;11764;12;;;;;11757.0;0.0
2;54600;ASH_COATED_OSMIUM;9991;12;;;;;10008;10;;;;;9999.5;0.0
2;54600;INTARIAN_PEPPER_ROOT;11750;11;;;;;11764;8;;;;;11757.0;0.0
2;54700;ASH_COATED_OSMIUM;9992;14;9989;29;;;10008;2;;;;;10000.0;0.0
2;54700;INTARIAN_PEPPER_ROOT;11751;8;;;;;11764;12;11766;18;;;11757.0;0.0
2;54800;ASH_COATED_OSMIUM;9992;11;9989;20;;;10008;12;;;;;10000.0;0.0
2;54800;INTARIAN_PEPPER_ROOT;11752;11;;;;;11765;22;11766;21;;;11757.0;0.0
2;54900;ASH_COATED_OSMIUM;9992;10;9990;23;;;10010;14;;;;;10000.0;0.0
2;54900;INTARIAN_PEPPER_ROOT;11751;12;;;;;11759;8;11765;8;;;11756.5;0.0
2;55000;ASH_COATED_OSMIUM;9996;12;;;;;10005;14;10012;22;;;10000.5;0.0
2;55000;INTARIAN_PEPPER_ROOT;11750;17;;;;;11765;8;;;;;11756.5;0.0
2;55100;ASH_COATED_OSMIUM;9996;11;;;;;10009;15;10011;25;;;10000.5;0.0
2;55100;INTARIAN_PEPPER_ROOT;11751;10;;;;;11763;12;;;;;11756.5;0.0
2;55200;ASH_COATED_OSMIUM;9993;2;9991;26;;;10010;22;10011;24;;;10000.5;0.0
2;55200;INTARIAN_PEPPER_ROOT;11749;7;;;;;11763;9;11766;18;;;11756.5;0.0
2;55300;ASH_COATED_OSMIUM;9993;6;;;;;10010;13;10013;26;;;10000.5;0.0
2;55300;INTARIAN_PEPPER_ROOT;11751;11;;;;;11763;8;;;;;11756.5;0.0
2;55400;ASH_COATED_OSMIUM;9993;12;;;;;10011;12;10012;25;;;10000.5;0.0
2;55400;INTARIAN_PEPPER_ROOT;11750;9;;;;;11763;10;;;;;11756.5;0.0
2;55500;ASH_COATED_OSMIUM;9991;21;9990;21;;;10009;14;10011;26;;;10001.0;0.0
2;55500;INTARIAN_PEPPER_ROOT;11751;12;11746;25;;;11764;19;11766;19;;;11756.5;0.0
2;55600;ASH_COATED_OSMIUM;9993;15;;;;;10009;15;;;;;10000.5;0.0
2;55600;INTARIAN_PEPPER_ROOT;11751;8;11746;17;;;11763;11;11766;25;;;11756.5;0.0
2;55700;ASH_COATED_OSMIUM;9993;10;9996;29;;;10010;14;10013;24;;;10001.0;0.0
2;55700;INTARIAN_PEPPER_ROOT;11750;20;11747;20;;;11763;8;;;;;11756.5;0.0
2;55800;ASH_COATED_OSMIUM;9994;21;9996;21;;;10010;12;10012;23;10017;24;10001.5;0.0
2;55800;INTARIAN_PEPPER_ROOT;11750;10;;;;;11763;8;11765;20;;;11756.0;0.0
2;55900;ASH_COATED_OSMIUM;9993;11;;;;;10009;12;10013;25;;;10001.0;0.0
2;55900;INTARIAN_PEPPER_ROOT;11749;23;11748;25;;;11762;9;;;;;11756.0;0.0
2;56000;ASH_COATED_OSMIUM;9994;12;9990;22;;;10011;10;10012;23;;;10001.5;0.0
2;56000;INTARIAN_PEPPER_ROOT;11750;11;;;;;11759;9;11767;18;;;11756.0;0.0
2;56100;ASH_COATED_OSMIUM;9994;12;;;;;10010;11;10012;20;;;10001.5;0.0
2;56100;INTARIAN_PEPPER_ROOT;11750;17;11746;17;;;11762;11;;;;;11756.0;0.0
2;56200;ASH_COATED_OSMIUM;9993;27;9991;25;;;10006;15;10011;20;;;10001.0;0.0
2;56200;INTARIAN_PEPPER_ROOT;11750;17;11746;19;;;11763;10;11765;17;;;11756.0;0.0
2;56300;ASH_COATED_OSMIUM;9993;13;9989;26;;;10009;10;;;;;10001.0;0.0
2;56300;INTARIAN_PEPPER_ROOT;11749;8;11747;24;;;11762;8;11766;23;;;11756.0;0.0
2;56400;ASH_COATED_OSMIUM;9993;10;9991;22;;;10010;10;10011;26;;;10000.5;0.0
2;56400;INTARIAN_PEPPER_ROOT;11749;9;11748;20;;;11763;8;;;;;11756.0;0.0
2;56500;ASH_COATED_OSMIUM;9993;26;9991;27;;;10009;27;10012;28;;;10000.5;0.0
2;56500;INTARIAN_PEPPER_ROOT;11750;15;11747;16;;;11763;8;;;;;11756.0;0.0
2;56600;ASH_COATED_OSMIUM;9993;10;;;;;10010;14;10012;22;;;10000.5;0.0
2;56600;INTARIAN_PEPPER_ROOT;11749;8;11747;21;;;11763;23;11765;21;;;11756.0;0.0
2;56700;ASH_COATED_OSMIUM;9993;12;;;;;10009;27;10014;27;;;10000.5;0.0
2;56700;INTARIAN_PEPPER_ROOT;11751;10;;;;;11762;11;11764;23;;;11756.0;0.0
2;56800;ASH_COATED_OSMIUM;9992;10;9991;28;;;10009;14;;;;;10000.5;0.0
2;56800;INTARIAN_PEPPER_ROOT;11749;9;11747;20;;;11764;17;;;;;11756.0;0.0
2;56900;ASH_COATED_OSMIUM;9992;11;9989;26;;;10009;14;10009;23;;;10000.5;0.0
2;56900;INTARIAN_PEPPER_ROOT;11747;9;11745;20;;;11762;12;11765;20;;;11755.5;0.0
2;57000;ASH_COATED_OSMIUM;9993;15;;;;;10009;15;10013;21;;;10001.0;0.0
2;57000;INTARIAN_PEPPER_ROOT;11750;15;11746;20;;;11763;8;11767;15;;;11755.5;0.0
2;57100;ASH_COATED_OSMIUM;9992;14;;;;;10003;11;;;;;10000.5;0.0
2;57100;INTARIAN_PEPPER_ROOT;11749;9;11746;23;;;11761;9;11765;16;;;11755.5;0.0
2;57200;ASH_COATED_OSMIUM;9994;13;;;;;10007;12;10012;28;;;10001.5;0.0
2;57200;INTARIAN_PEPPER_ROOT;11749;11;;;;;11764;8;;;;;11755.5;0.0
2;57300;ASH_COATED_OSMIUM;9994;15;9991;21;9987;22;10010;13;;;;;10001.5;0.0
2;57300;INTARIAN_PEPPER_ROOT;11749;10;11744;21;;;11762;24;11765;22;;;11755.5;0.0
2;57400;ASH_COATED_OSMIUM;9993;11;;;;;10010;29;10012;23;;;10001.0;0.0
2;57400;INTARIAN_PEPPER_ROOT;11749;21;;;;;11761;11;11765;10;;;11755.5;0.0
2;57500;ASH_COATED_OSMIUM;9998;11;;;;;10011;14;;;;;10001.0;0.0
2;57500;INTARIAN_PEPPER_ROOT;11749;10;11747;20;;;11764;22;11765;20;;;11755.5;0.0
2;57600;ASH_COATED_OSMIUM;9996;13;9991;22;;;10009;13;10012;21;;;10001.0;0.0
2;57600;INTARIAN_PEPPER_ROOT;11748;10;11747;17;;;11763;9;;;;;11755.5;0.0
2;57700;ASH_COATED_OSMIUM;9991;14;;;;;10009;14;;;;;10000.5;0.0
2;57700;INTARIAN_PEPPER_ROOT;11749;8;11746;15;;;11766;8;11765;23;;;11755.5;0.0
2;57800;ASH_COATED_OSMIUM;9992;4;9989;29;;;10009;21;;;;;10000.0;0.0
2;57800;INTARIAN_PEPPER_ROOT;11750;11;11748;17;;;11762;11;11764;22;;;11755.5;0.0
2;57900;ASH_COATED_OSMIUM;9991;12;9990;21;;;10006;10;10010;20;;;10000.0;0.0
2;57900;INTARIAN_PEPPER_ROOT;11752;11;11746;21;;;11762;11;11765;16;;;11755.5;0.0
2;58000;ASH_COATED_OSMIUM;9993;11;9989;27;;;10010;14;10014;30;;;10000.5;0.0
2;58000;INTARIAN_PEPPER_ROOT;11749;10;11746;15;;;11761;11;;;;;11755.0;0.0
2;58100;ASH_COATED_OSMIUM;9993;12;9988;23;;;10009;14;;;;;10001.0;0.0
2;58100;INTARIAN_PEPPER_ROOT;11749;8;11746;15;11741;17;11762;8;;;;;11755.0;0.0
2;58200;ASH_COATED_OSMIUM;9993;27;9989;24;;;10009;15;10009;23;;;10001.0;0.0
2;58200;INTARIAN_PEPPER_ROOT;11748;9;11746;23;;;11763;12;11764;22;;;11755.0;0.0
2;58300;ASH_COATED_OSMIUM;9993;27;;;;;10011;20;;;;;10001.0;0.0
2;58300;INTARIAN_PEPPER_ROOT;11749;10;11747;15;;;11761;10;;;;;11755.0;0.0
2;58400;ASH_COATED_OSMIUM;9992;13;9991;23;;;10011;12;;;;;10001.0;0.0
2;58400;INTARIAN_PEPPER_ROOT;11749;11;;;;;11762;6;11765;21;;;11755.0;0.0
2;58500;ASH_COATED_OSMIUM;9992;13;9990;22;;;10009;29;10015;27;;;10001.0;0.0
2;58500;INTARIAN_PEPPER_ROOT;11748;8;11745;16;;;11762;11;11763;19;;;11755.0;0.0
2;58600;ASH_COATED_OSMIUM;9994;12;9991;27;;;10011;21;;;;;10001.5;0.0
2;58600;INTARIAN_PEPPER_ROOT;11749;9;;;;;11761;19;11764;21;;;11755.0;0.0
2;58700;ASH_COATED_OSMIUM;9994;10;9992;30;;;10010;10;;;;;10001.5;0.0
2;58700;INTARIAN_PEPPER_ROOT;11748;12;;;;;11761;16;;;;;11755.0;0.0
2;58800;ASH_COATED_OSMIUM;9994;15;9990;28;;;10006;28;;;;;10001.5;0.0
2;58800;INTARIAN_PEPPER_ROOT;11749;9;11745;20;;;11764;12;;;;;11755.0;0.0
2;58900;ASH_COATED_OSMIUM;9993;15;;;;;10009;10;10011;29;;;10000.5;0.0
2;58900;INTARIAN_PEPPER_ROOT;11748;9;11745;17;;;11760;12;11765;22;;;11754.5;0.0
2;59000;ASH_COATED_OSMIUM;9993;14;9989;30;;;10009;13;10011;30;;;10000.5;0.0
2;59000;INTARIAN_PEPPER_ROOT;11749;17;;;;;11761;11;11765;17;;;11754.5;0.0
2;59100;ASH_COATED_OSMIUM;9993;25;9990;30;;;10009;11;;;;;10000.5;0.0
2;59100;INTARIAN_PEPPER_ROOT;11748;9;11744;21;;;11763;9;;;;;11754.5;0.0
2;59200;ASH_COATED_OSMIUM;9992;15;;;;;10008;14;10011;26;;;10000.0;0.0
2;59200;INTARIAN_PEPPER_ROOT;11749;12;11744;15;;;11763;11;;;;;11754.5;0.0
2;59300;ASH_COATED_OSMIUM;9992;14;;;;;10008;12;10010;25;;;10000.0;0.0
2;59300;INTARIAN_PEPPER_ROOT;11749;8;;;;;11760;16;;;;;11754.5;0.0
2;59400;ASH_COATED_OSMIUM;9992;13;;;;;10009;15;;;;;9999.5;0.0
2;59400;INTARIAN_PEPPER_ROOT;11749;19;;;;;11761;11;;;;;11754.5;0.0
2;59500;ASH_COATED_OSMIUM;9992;11;;;9987;25;10008;11;10011;28;;;9999.5;0.0
2;59500;INTARIAN_PEPPER_ROOT;11749;25;11746;9;;;11763;8;;;;;11754.5;0.0
2;59600;ASH_COATED_OSMIUM;9992;14;;;;;10008;12;10011;12;;;9999.5;0.0
2;59600;INTARIAN_PEPPER_ROOT;11747;10;11744;20;;;11761;9;;;;;11754.5;0.0
2;59700;ASH_COATED_OSMIUM;9992;15;9990;24;;;10008;23;10011;21;;;9999.5;0.0
2;59700;INTARIAN_PEPPER_ROOT;11747;12;11747;23;;;11762;15;;;;;11754.5;0.0
2;59800;ASH_COATED_OSMIUM;9992;15;9988;25;;;10008;10;10010;22;;;10000.0;0.0
2;59800;INTARIAN_PEPPER_ROOT;11748;9;11745;24;;;11761;10;11766;25;;;11754.5;0.0
2;59900;ASH_COATED_OSMIUM;9992;11;9990;27;;;10009;14;10011;27;;;10000.0;0.0
2;59900;INTARIAN_PEPPER_ROOT;11748;9;11745;19;;;11763;11;11763;10;;;11754.0;0.0
2;60000;ASH_COATED_OSMIUM;9992;28;;;;;10008;10;10011;22;;;9999.5;0.0
2;60000;INTARIAN_PEPPER_ROOT;11746;15;;;;;11762;10;;;;;11754.0;0.0
2;60100;ASH_COATED_OSMIUM;9992;21;;;;;10008;22;10011;23;;;10000.0;0.0
2;60100;INTARIAN_PEPPER_ROOT;11749;15;11751;18;;;11760;10;11764;17;;;11754.0;0.0
2;60200;ASH_COATED_OSMIUM;9993;15;9991;29;;;10011;8;10011;30;;;10000.5;0.0
2;60200;INTARIAN_PEPPER_ROOT;11747;9;11745;23;;;11760;12;11763;19;;;11754.0;0.0
2;60300;ASH_COATED_OSMIUM;9992;12;9990;26;;;10008;14;10010;23;;;9999.5;0.0
2;60300;INTARIAN_PEPPER_ROOT;11749;9;11745;24;;;11761;10;11763;24;;;11754.0;0.0
2;60400;ASH_COATED_OSMIUM;9992;2;9990;30;;;10008;13;10011;23;;;9999.5;0.0
2;60400;INTARIAN_PEPPER_ROOT;11746;9;11745;24;;;11762;11;;;;;11754.0;0.0
2;60500;ASH_COATED_OSMIUM;9992;10;9989;24;;;10008;15;10010;22;;;9999.5;0.0
2;60500;INTARIAN_PEPPER_ROOT;11748;12;;;;;11756;8;11764;22;;;11754.0;0.0
2;60600;ASH_COATED_OSMIUM;9992;11;;;;;10004;15;;;;;10000.0;0.0
2;60600;INTARIAN_PEPPER_ROOT;11748;11;;;;;11763;10;11766;20;;;11754.0;0.0
2;60700;ASH_COATED_OSMIUM;9991;11;9991;26;;;10009;10;;;;;10000.5;0.0
2;60700;INTARIAN_PEPPER_ROOT;11748;9;;;;;11764;15;11763;23;;;11754.0;0.0
2;60800;ASH_COATED_OSMIUM;9997;14;9988;25;;;10009;15;;;;;10000.5;0.0
2;60800;INTARIAN_PEPPER_ROOT;11748;12;11745;24;;;11760;8;11763;11;;;11754.0;0.0
2;60900;ASH_COATED_OSMIUM;9992;14;;;;;10010;10;;;;;10000.5;0.0
2;60900;INTARIAN_PEPPER_ROOT;11747;8;11745;21;;;11761;8;11763;16;;;11753.5;0.0
2;61000;ASH_COATED_OSMIUM;9993;29;9993;26;;;10006;12;10011;22;;;10000.5;0.0
2;61000;INTARIAN_PEPPER_ROOT;11747;10;11745;18;;;11761;11;11764;24;;;11753.5;0.0
2;61100;ASH_COATED_OSMIUM;9993;15;;;;;10010;14;10013;24;10017;25;10001.5;0.0
2;61100;INTARIAN_PEPPER_ROOT;11748;8;;;;;11760;11;11762;17;;;11753.5;0.0
2;61200;ASH_COATED_OSMIUM;9994;28;9992;20;;;10011;28;10014;28;;;10001.5;0.0
2;61200;INTARIAN_PEPPER_ROOT;11746;11;;;;;11760;10;11764;24;;;11753.5;0.0
2;61300;ASH_COATED_OSMIUM;9993;13;9990;26;;;10009;13;10011;30;;;10001.0;0.0
2;61300;INTARIAN_PEPPER_ROOT;11747;10;;;;;11761;9;11764;23;;;11753.5;0.0
2;61400;ASH_COATED_OSMIUM;9994;10;9992;23;;;10011;13;10013;25;;;10001.5;0.0
2;61400;INTARIAN_PEPPER_ROOT;11748;9;;;;;11759;12;11765;25;;;11753.5;0.0
2;61500;ASH_COATED_OSMIUM;9992;13;9991;24;;;10011;30;10012;30;;;10001.5;0.0
2;61500;INTARIAN_PEPPER_ROOT;11747;18;;;;;11761;11;;;;;11753.5;0.0
2;61600;ASH_COATED_OSMIUM;9993;11;;;;;10010;12;10013;24;;;10001.5;0.0
2;61600;INTARIAN_PEPPER_ROOT;11746;24;11745;17;;;11762;6;11762;17;;;11753.5;0.0
2;61700;ASH_COATED_OSMIUM;9993;10;;;;;10009;13;10011;25;;;10000.5;0.0
2;61700;INTARIAN_PEPPER_ROOT;11746;12;11744;16;;;11761;12;11763;17;;;11753.5;0.0
2;61800;ASH_COATED_OSMIUM;9993;20;9989;21;;;10010;15;10011;21;;;10000.5;0.0
2;61800;INTARIAN_PEPPER_ROOT;11748;18;;;;;11760;12;11763;23;;;11753.5;0.0
2;61900;ASH_COATED_OSMIUM;9997;25;;;;;10009;10;;;;;10000.5;0.0
2;61900;INTARIAN_PEPPER_ROOT;11745;10;;;;;11760;9;11763;22;;;11753.0;0.0
2;62000;ASH_COATED_OSMIUM;9997;15;;;;;10005;14;;;;;10000.0;0.0
2;62000;INTARIAN_PEPPER_ROOT;11747;12;11744;15;;;11760;9;11762;23;;;11753.0;0.0
2;62100;ASH_COATED_OSMIUM;9993;13;;;;;10009;10;;;;;10000.5;0.0
2;62100;INTARIAN_PEPPER_ROOT;11746;10;11745;17;;;11761;8;;;;;11753.0;0.0
2;62200;ASH_COATED_OSMIUM;9993;14;9991;24;;;10010;5;10012;27;;;10001.5;0.0
2;62200;INTARIAN_PEPPER_ROOT;11749;9;11745;20;;;11759;25;11762;17;;;11753.0;0.0
2;62300;ASH_COATED_OSMIUM;9994;12;9992;24;;;10011;2;10012;25;;;10001.5;0.0
2;62300;INTARIAN_PEPPER_ROOT;11747;12;11744;21;;;11762;10;11762;19;;;11753.0;0.0
2;62400;ASH_COATED_OSMIUM;9995;29;9990;29;;;10009;12;10012;30;;;10001.0;0.0
2;62400;INTARIAN_PEPPER_ROOT;11746;8;;;;;11760;8;;;;;11753.0;0.0
2;62500;ASH_COATED_OSMIUM;9993;4;;;;;10011;14;10011;24;;;10001.0;0.0
2;62500;INTARIAN_PEPPER_ROOT;11747;11;11744;19;;;11760;9;;;;;11753.0;0.0
2;62600;ASH_COATED_OSMIUM;9991;15;;;;;10010;23;;;;;10001.5;0.0
2;62600;INTARIAN_PEPPER_ROOT;11747;10;11744;20;;;11759;10;11762;19;;;11753.0;0.0
2;62700;ASH_COATED_OSMIUM;9994;13;;;;;10012;10;10012;24;;;10002.0;0.0
2;62700;INTARIAN_PEPPER_ROOT;11746;10;11744;21;;;11759;12;11763;22;11767;17;11753.0;0.0
2;62800;ASH_COATED_OSMIUM;9995;11;;;;;10011;29;10013;21;;;10002.5;0.0
2;62800;INTARIAN_PEPPER_ROOT;11751;11;11743;20;;;11760;8;11762;19;;;11752.5;0.0
2;62900;ASH_COATED_OSMIUM;9994;15;9991;30;;;10010;15;10014;22;;;10002.0;0.0
2;62900;INTARIAN_PEPPER_ROOT;11746;11;11744;20;11742;23;11759;11;11764;22;;;11752.5;0.0
2;63000;ASH_COATED_OSMIUM;9992;14;9991;30;;;10005;12;;;;;10001.5;0.0
2;63000;INTARIAN_PEPPER_ROOT;11746;20;11744;16;;;11761;10;;;;;11752.5;0.0
2;63100;ASH_COATED_OSMIUM;9994;11;;;;;10010;13;;;;;10002.0;0.0
2;63100;INTARIAN_PEPPER_ROOT;11746;12;11746;25;;;11759;11;;;;;11752.5;0.0
2;63200;ASH_COATED_OSMIUM;9994;21;9992;24;;;10010;14;10013;24;;;10001.5;0.0
2;63200;INTARIAN_PEPPER_ROOT;11746;9;11743;19;;;11760;8;;;;;11752.5;0.0
2;63300;ASH_COATED_OSMIUM;9993;14;9995;27;;;10010;12;10012;21;;;10001.5;0.0
2;63300;INTARIAN_PEPPER_ROOT;11746;8;;;;;11755;11;11761;22;;;11752.5;0.0
2;63400;ASH_COATED_OSMIUM;9994;6;9991;27;;;10010;12;;;;;10001.5;0.0
2;63400;INTARIAN_PEPPER_ROOT;11746;9;11742;18;;;11761;10;11763;20;;;11752.5;0.0
2;63500;ASH_COATED_OSMIUM;9993;20;9990;21;;;10010;30;10012;29;;;10002.0;0.0
2;63500;INTARIAN_PEPPER_ROOT;11743;17;11744;7;;;11760;8;11764;22;;;11752.5;0.0
2;63600;ASH_COATED_OSMIUM;9994;11;9992;26;;;10008;12;10014;26;;;10002.0;0.0
2;63600;INTARIAN_PEPPER_ROOT;11747;10;11743;18;;;11759;9;11763;25;;;11752.5;0.0
2;63700;ASH_COATED_OSMIUM;9994;13;9992;27;;;10010;30;10013;27;;;10002.0;0.0
2;63700;INTARIAN_PEPPER_ROOT;11747;11;;;;;11759;11;11760;19;;;11752.5;0.0
2;63800;ASH_COATED_OSMIUM;9993;29;;;;;10011;15;10013;24;;;10002.5;0.0
2;63800;INTARIAN_PEPPER_ROOT;11745;8;11744;19;;;11758;23;;;;;11752.0;0.0
2;63900;ASH_COATED_OSMIUM;9993;13;9991;21;;;10010;12;10008;28;;;10002.0;0.0
2;63900;INTARIAN_PEPPER_ROOT;11745;10;11744;20;;;11762;12;;;;;11752.0;0.0
2;64000;ASH_COATED_OSMIUM;9994;14;;;;;10010;9;10017;25;;;10002.0;0.0
2;64000;INTARIAN_PEPPER_ROOT;11746;11;11742;20;;;11759;11;;;;;11752.0;0.0
2;64100;ASH_COATED_OSMIUM;9994;11;9992;28;;;10010;14;10013;25;;;10001.5;0.0
2;64100;INTARIAN_PEPPER_ROOT;11746;11;11743;20;;;11760;21;11762;22;;;11752.0;0.0
2;64200;ASH_COATED_OSMIUM;9994;12;9991;26;;;10010;14;10013;24;;;10002.0;0.0
2;64200;INTARIAN_PEPPER_ROOT;11747;8;11744;20;;;11759;9;11763;15;;;11752.0;0.0
2;64300;ASH_COATED_OSMIUM;9994;5;9991;23;;;10010;14;10013;30;;;10002.0;0.0
2;64300;INTARIAN_PEPPER_ROOT;11745;10;11743;23;;;11758;8;11762;15;;;11752.0;0.0
2;64400;ASH_COATED_OSMIUM;9994;15;;;;;10010;15;10012;28;;;10001.5;0.0
2;64400;INTARIAN_PEPPER_ROOT;11746;12;11744;16;;;11760;9;11761;19;;;11752.0;0.0
2;64500;ASH_COATED_OSMIUM;9993;13;9991;21;;;10010;15;10013;14;;;10000.5;0.0
2;64500;INTARIAN_PEPPER_ROOT;11746;11;11743;15;;;11753;10;11757;24;;;11752.0;0.0
2;64600;ASH_COATED_OSMIUM;9997;13;9989;26;;;10009;11;10010;14;;;10000.0;0.0
2;64600;INTARIAN_PEPPER_ROOT;11746;11;11743;20;;;11759;12;;;;;11752.0;0.0
2;64700;ASH_COATED_OSMIUM;9992;11;;;;;10010;12;;;;;10000.0;0.0
2;64700;INTARIAN_PEPPER_ROOT;11745;9;;;;;11759;8;11761;22;;;11752.0;0.0
2;64800;ASH_COATED_OSMIUM;9992;22;;;;;10008;14;;;;;9999.5;0.0
2;64800;INTARIAN_PEPPER_ROOT;11745;11;11742;20;;;11758;8;11762;16;;;11751.5;0.0
2;64900;ASH_COATED_OSMIUM;9992;15;9989;30;9986;22;10009;7;10010;27;;;9999.5;0.0
2;64900;INTARIAN_PEPPER_ROOT;11745;10;11743;19;;;11758;8;11762;25;;;11751.5;0.0
2;65000;ASH_COATED_OSMIUM;9992;11;;;;;10005;14;10010;20;;;10000.0;0.0
2;65000;INTARIAN_PEPPER_ROOT;11744;8;;;;;11762;10;11761;20;;;11751.5;0.0
2;65100;ASH_COATED_OSMIUM;9992;15;9989;22;;;10008;13;10008;23;;;10000.0;0.0
2;65100;INTARIAN_PEPPER_ROOT;11745;21;;;;;11758;8;;;;;11751.5;0.0
2;65200;ASH_COATED_OSMIUM;9991;12;9990;26;;;10008;15;;;;;9999.5;0.0
2;65200;INTARIAN_PEPPER_ROOT;11745;15;11743;21;;;11758;11;11761;25;;;11751.5;0.0
2;65300;ASH_COATED_OSMIUM;9992;14;;;;;10011;15;10008;26;;;10000.0;0.0
2;65300;INTARIAN_PEPPER_ROOT;11745;12;;;;;11760;8;;;;;11751.5;0.0
2;65400;ASH_COATED_OSMIUM;9992;15;9990;28;;;10010;14;;;;;10000.0;0.0
2;65400;INTARIAN_PEPPER_ROOT;11746;11;11742;21;;;11758;11;11762;20;;;11751.5;0.0
2;65500;ASH_COATED_OSMIUM;9992;10;9989;26;;;10005;29;;;;;9999.5;0.0
2;65500;INTARIAN_PEPPER_ROOT;11746;8;11743;17;;;11760;10;11760;15;;;11751.5;0.0
2;65600;ASH_COATED_OSMIUM;9992;27;9988;23;;;10008;14;;;;;9999.5;0.0
2;65600;INTARIAN_PEPPER_ROOT;11745;12;11742;15;;;11757;12;11761;20;;;11751.5;0.0
2;65700;ASH_COATED_OSMIUM;9995;13;;;;;10007;13;10009;23;;;9999.0;0.0
2;65700;INTARIAN_PEPPER_ROOT;11745;15;11743;25;;;11758;11;11761;20;;;11751.5;0.0
2;65800;ASH_COATED_OSMIUM;9992;15;9990;20;;;10009;14;10010;20;;;9999.5;0.0
2;65800;INTARIAN_PEPPER_ROOT;11743;11;;;;;11752;10;11761;18;;;11751.0;0.0
2;65900;ASH_COATED_OSMIUM;9992;10;;;;;10010;15;10012;21;;;10000.0;0.0
2;65900;INTARIAN_PEPPER_ROOT;11743;18;11743;24;;;11757;9;11761;24;;;11751.0;0.0
2;66000;ASH_COATED_OSMIUM;9992;21;;;;;10009;11;10011;24;;;10001.0;0.0
2;66000;INTARIAN_PEPPER_ROOT;11743;11;;;;;11759;12;11761;21;;;11751.0;0.0
2;66100;ASH_COATED_OSMIUM;9993;13;9991;21;;;10009;12;10012;27;;;10000.5;0.0
2;66100;INTARIAN_PEPPER_ROOT;11743;11;;;;;11757;21;;;;;11751.0;0.0
2;66200;ASH_COATED_OSMIUM;9995;10;;;;;10008;12;10012;20;;;10000.0;0.0
2;66200;INTARIAN_PEPPER_ROOT;11745;10;11742;16;;;11758;11;11762;16;;;11751.0;0.0
2;66300;ASH_COATED_OSMIUM;9990;11;9989;25;;;10009;13;10012;20;;;10000.5;0.0
2;66300;INTARIAN_PEPPER_ROOT;11744;9;11742;18;;;11757;11;11761;24;;;11751.0;0.0
2;66400;ASH_COATED_OSMIUM;9991;13;9991;30;;;10009;15;10011;30;;;10000.5;0.0
2;66400;INTARIAN_PEPPER_ROOT;11743;12;11741;16;;;11757;6;11761;23;;;11751.0;0.0
2;66500;ASH_COATED_OSMIUM;9992;4;9989;29;;;10008;13;10011;30;;;10000.0;0.0
2;66500;INTARIAN_PEPPER_ROOT;11746;11;11743;21;;;11758;11;11760;19;;;11751.0;0.0
2;66600;ASH_COATED_OSMIUM;9992;10;9989;22;;;10008;30;10010;12;;;9999.5;0.0
2;66600;INTARIAN_PEPPER_ROOT;11744;11;11741;24;;;11757;10;11761;21;11761;24;11751.0;0.0
2;66700;ASH_COATED_OSMIUM;9992;10;9993;24;;;10008;15;;;;;10000.0;0.0
2;66700;INTARIAN_PEPPER_ROOT;11745;8;11742;22;;;11758;11;11759;18;;;11751.0;0.0
2;66800;ASH_COATED_OSMIUM;9993;12;9991;24;;;10009;10;10011;26;;;10000.5;0.0
2;66800;INTARIAN_PEPPER_ROOT;11746;9;11743;18;;;11752;12;11760;18;;;11751.0;0.0
2;66900;ASH_COATED_OSMIUM;9991;28;;;;;10009;14;10011;24;;;10001.0;0.0
2;66900;INTARIAN_PEPPER_ROOT;11744;8;11741;16;;;11756;9;11759;12;;;11750.5;0.0
2;67000;ASH_COATED_OSMIUM;9993;15;;;;;10010;15;10011;22;;;10000.5;0.0
2;67000;INTARIAN_PEPPER_ROOT;11744;11;;;;;11756;8;11759;11;;;11750.5;0.0
2;67100;ASH_COATED_OSMIUM;9994;13;;;;;10011;20;;;;;10001.5;0.0
2;67100;INTARIAN_PEPPER_ROOT;11742;11;;;;;11759;11;;;;;11750.5;0.0
2;67200;ASH_COATED_OSMIUM;9993;26;9991;20;;;10009;10;10011;30;;;10001.0;0.0
2;67200;INTARIAN_PEPPER_ROOT;11743;24;11741;18;;;11758;9;;;;;11750.5;0.0
2;67300;ASH_COATED_OSMIUM;9993;11;;;;;10009;11;10011;20;;;10001.0;0.0
2;67300;INTARIAN_PEPPER_ROOT;11744;12;11742;15;;;11759;23;;;;;11750.5;0.0
2;67400;ASH_COATED_OSMIUM;9992;22;9989;21;;;10005;14;;;;;10001.0;0.0
2;67400;INTARIAN_PEPPER_ROOT;11744;9;11741;18;;;11757;10;11761;18;;;11750.5;0.0
2;67500;ASH_COATED_OSMIUM;9992;11;9990;23;;;10009;15;;;;;10001.0;0.0
2;67500;INTARIAN_PEPPER_ROOT;11744;9;;;;;11759;24;11761;21;;;11750.5;0.0
2;67600;ASH_COATED_OSMIUM;9993;13;9991;24;;;10009;30;;;;;10000.5;0.0
2;67600;INTARIAN_PEPPER_ROOT;11745;8;11741;18;;;11757;8;11756;23;;;11750.5;0.0
2;67700;ASH_COATED_OSMIUM;9993;15;9991;29;;;10009;12;;;;;10000.5;0.0
2;67700;INTARIAN_PEPPER_ROOT;11744;10;11743;19;;;11757;10;;;;;11750.5;0.0
2;67800;ASH_COATED_OSMIUM;9993;12;9989;28;;;10009;10;10009;20;;;10000.5;0.0
2;67800;INTARIAN_PEPPER_ROOT;11744;22;11742;19;;;11757;11;11760;21;;;11750.5;0.0
