day;timestamp;product;bid_price_1;bid_volume_1;bid_price_2;bid_volume_2;bid_price_3;bid_volume_3;ask_price_1;ask_volume_1;ask_price_2;ask_volume_2;ask_price_3;ask_volume_3;mid_price;profit_and_loss
1;0;ASH_COATED_OSMIUM;9993;13;9990;25;;;10010;11;10012;21;;;10000.5;0.0
1;0;INTARIAN_PEPPER_ROOT;12994;10;12992;15;;;13008;10;13011;15;;;13002.5;0.0
1;100;ASH_COATED_OSMIUM;9992;29;9990;30;;;10008;15;10011;24;;;10000.0;0.0
1;100;INTARIAN_PEPPER_ROOT;12997;18;;;;;13009;9;;;;;13002.0;0.0
1;200;ASH_COATED_OSMIUM;9989;11;9990;13;;;10009;15;10010;29;;;9999.5;0.0
1;200;INTARIAN_PEPPER_ROOT;12996;11;;;;;13008;9;13011;18;;;13002.0;0.0
1;300;ASH_COATED_OSMIUM;9992;14;9990;29;;;10009;15;10011;28;;;10000.0;0.0
1;300;INTARIAN_PEPPER_ROOT;13001;21;;;;;13010;24;13012;24;;;13002.0;0.0
1;400;ASH_COATED_OSMIUM;9992;11;;;;;10008;12;10011;29;;;10000.0;0.0
1;400;INTARIAN_PEPPER_ROOT;12995;9;12997;24;;;13010;15;;;;;13001.5;0.0
1;500;ASH_COATED_OSMIUM;9992;26;;;;;10008;12;10010;22;;;10000.0;0.0
1;500;INTARIAN_PEPPER_ROOT;12995;10;12992;25;;;13008;10;;;;;13001.5;0.0
1;600;ASH_COATED_OSMIUM;9992;12;9989;26;;;10008;14;;;;;10000.0;0.0
1;600;INTARIAN_PEPPER_ROOT;12994;10;12993;15;;;13009;12;13013;18;;;13001.0;0.0
1;700;ASH_COATED_OSMIUM;9991;20;9987;20;;;10008;10;;;10013;25;9999.0;0.0
1;700;INTARIAN_PEPPER_ROOT;12993;11;12990;19;;;13005;10;;;;;13001.0;0.0
1;800;ASH_COATED_OSMIUM;9992;11;9989;21;;;10008;14;;;;;9999.5;0.0
1;800;INTARIAN_PEPPER_ROOT;12993;9;12991;22;;;13008;8;13010;18;;;13001.0;0.0
1;900;ASH_COATED_OSMIUM;9992;11;9990;30;;;10009;15;10011;28;;;9999.5;0.0
1;900;INTARIAN_PEPPER_ROOT;12995;8;12993;24;;;13006;22;13016;16;;;13000.5;0.0
1;1000;ASH_COATED_OSMIUM;9992;10;9989;20;;;10008;24;10010;29;;;9999.5;0.0
1;1000;INTARIAN_PEPPER_ROOT;12994;9;12992;25;;;13008;12;13011;24;;;13000.5;0.0
1;1100;ASH_COATED_OSMIUM;9992;13;9988;13;;;10008;12;;;;;9999.5;0.0
1;1100;INTARIAN_PEPPER_ROOT;12994;8;12991;22;;;13007;12;13010;25;;;13000.5;0.0
1;1200;ASH_COATED_OSMIUM;9990;15;9988;22;;;10008;14;;;;;9999.5;0.0
1;1200;INTARIAN_PEPPER_ROOT;12994;12;12990;23;;;13006;9;;;;;13000.0;0.0
1;1300;ASH_COATED_OSMIUM;9992;13;9989;30;;;10008;14;10010;26;;;10000.0;0.0
1;1300;INTARIAN_PEPPER_ROOT;12991;11;12992;15;12984;17;13007;8;;;;;13000.0;0.0
1;1400;ASH_COATED_OSMIUM;9992;15;9989;24;;;10008;25;10010;27;;;10000.0;0.0
1;1400;INTARIAN_PEPPER_ROOT;12998;19;12989;25;;;13006;20;13011;17;;;12999.5;0.0
1;1500;ASH_COATED_OSMIUM;9998;15;9990;26;;;10009;21;;;;;10000.5;0.0
1;1500;INTARIAN_PEPPER_ROOT;12992;11;;;;;13006;10;13010;20;;;12999.5;0.0
1;1600;ASH_COATED_OSMIUM;9992;10;;;;;10008;15;10010;29;;;10000.0;0.0
1;1600;INTARIAN_PEPPER_ROOT;12994;11;12990;18;;;13006;12;13009;20;;;12999.5;0.0
1;1700;ASH_COATED_OSMIUM;9991;12;9990;26;;;10008;14;10011;27;;;10000.0;0.0
1;1700;INTARIAN_PEPPER_ROOT;12993;11;12990;23;;;13005;11;13008;20;;;12999.0;0.0
1;1800;ASH_COATED_OSMIUM;9993;10;9991;23;;;10009;12;10011;23;;;10000.5;0.0
1;1800;INTARIAN_PEPPER_ROOT;12991;10;12988;22;;;13007;9;13007;20;;;12999.0;0.0
1;1900;ASH_COATED_OSMIUM;9991;3;9988;27;;;10007;11;10011;30;;;10000.0;0.0
1;1900;INTARIAN_PEPPER_ROOT;12993;9;12995;22;;;13006;21;13010;15;;;12998.5;0.0
1;2000;ASH_COATED_OSMIUM;9993;12;;;;;10009;21;;;10015;27;10000.5;0.0
1;2000;INTARIAN_PEPPER_ROOT;12993;10;12989;25;;;13005;11;13008;17;;;12998.5;0.0
1;2100;ASH_COATED_OSMIUM;9992;22;9989;28;;;10008;22;10010;30;;;10000.0;0.0
1;2100;INTARIAN_PEPPER_ROOT;12994;17;12989;20;;;13005;9;13009;15;;;12998.5;0.0
1;2200;ASH_COATED_OSMIUM;9998;13;9991;28;;;10009;27;10011;29;;;10001.0;0.0
1;2200;INTARIAN_PEPPER_ROOT;12991;12;12989;19;;;13005;24;13008;20;;;12998.0;0.0
1;2300;ASH_COATED_OSMIUM;9996;12;;;;;10004;13;;;;;10001.0;0.0
1;2300;INTARIAN_PEPPER_ROOT;12992;10;;;;;13005;10;13008;23;;;12998.0;0.0
1;2400;ASH_COATED_OSMIUM;9993;15;9991;26;;;10010;10;10012;21;;;10001.0;0.0
1;2400;INTARIAN_PEPPER_ROOT;12992;12;12989;19;;;13004;8;;;;;12998.0;0.0
1;2500;ASH_COATED_OSMIUM;9993;29;9990;30;;;10009;15;;;;;10000.5;0.0
1;2500;INTARIAN_PEPPER_ROOT;12991;12;12990;15;;;13004;10;13009;16;;;12997.5;0.0
1;2600;ASH_COATED_OSMIUM;9992;9;;;;;10008;11;10011;25;;;10000.0;0.0
1;2600;INTARIAN_PEPPER_ROOT;12990;11;12989;18;;;13004;8;13006;21;;;12997.5;0.0
1;2700;ASH_COATED_OSMIUM;9992;14;;;;;10010;14;10013;24;;;9999.5;0.0
1;2700;INTARIAN_PEPPER_ROOT;12990;11;12988;18;;;13003;12;;;;;12997.0;0.0
1;2800;ASH_COATED_OSMIUM;9992;14;9990;25;;;10004;13;10011;25;;;9999.5;0.0
1;2800;INTARIAN_PEPPER_ROOT;12991;9;12990;17;;;13006;8;13007;16;;;12997.0;0.0
1;2900;ASH_COATED_OSMIUM;9992;15;;;;;10008;10;10010;24;;;10000.0;0.0
1;2900;INTARIAN_PEPPER_ROOT;12989;8;12989;24;;;13005;10;13007;23;;;12997.0;0.0
1;3000;ASH_COATED_OSMIUM;9992;12;9990;25;;;10008;13;10010;27;;;10000.0;0.0
1;3000;INTARIAN_PEPPER_ROOT;12986;9;12989;15;;;13004;9;13006;15;;;12996.5;0.0
1;3100;ASH_COATED_OSMIUM;9992;15;9990;23;9983;27;10008;29;10011;30;;;9999.5;0.0
1;3100;INTARIAN_PEPPER_ROOT;12991;24;;;;;13005;9;13007;16;;;12996.5;0.0
1;3200;ASH_COATED_OSMIUM;9992;13;9989;27;;;10009;11;10011;27;;;9999.5;0.0
1;3200;INTARIAN_PEPPER_ROOT;12990;12;12986;15;;;13003;8;13006;19;;;12996.0;0.0
1;3300;ASH_COATED_OSMIUM;9990;13;9988;25;;;10008;10;10011;21;;;9999.5;0.0
1;3300;INTARIAN_PEPPER_ROOT;12988;11;12987;25;12985;25;13003;8;13005;17;;;12996.0;0.0
1;3400;ASH_COATED_OSMIUM;9992;13;;;;;10006;10;10016;20;;;10000.0;0.0
1;3400;INTARIAN_PEPPER_ROOT;12988;11;12987;19;;;13002;9;13005;16;;;12996.0;0.0
1;3500;ASH_COATED_OSMIUM;9994;12;9989;22;;;10008;10;10011;28;;;10000.0;0.0
1;3500;INTARIAN_PEPPER_ROOT;12988;23;12987;16;;;13004;8;13006;23;;;12995.5;0.0
1;3600;ASH_COATED_OSMIUM;9990;27;9989;21;;;10009;20;10011;22;;;9999.5;0.0
1;3600;INTARIAN_PEPPER_ROOT;12989;8;;;;;13003;11;;;;;12995.5;0.0
1;3700;ASH_COATED_OSMIUM;9992;24;;;;;10003;12;;;;;9999.5;0.0
1;3700;INTARIAN_PEPPER_ROOT;12990;9;;;;;13004;23;;;;;12995.5;0.0
1;3800;ASH_COATED_OSMIUM;9992;13;9990;23;;;10008;10;;;;;10000.0;0.0
1;3800;INTARIAN_PEPPER_ROOT;12989;12;12986;24;;;13003;12;13007;16;;;12995.0;0.0
1;3900;ASH_COATED_OSMIUM;9993;10;9990;20;9988;24;10009;27;10012;27;;;10000.5;0.0
1;3900;INTARIAN_PEPPER_ROOT;12988;8;;;;;13002;15;13003;15;;;12995.0;0.0
1;4000;ASH_COATED_OSMIUM;9996;10;;;;;10011;11;10009;30;;;10001.0;0.0
1;4000;INTARIAN_PEPPER_ROOT;12988;11;12985;15;;;13001;12;;;;;12994.5;0.0
1;4100;ASH_COATED_OSMIUM;9994;11;9989;23;;;10009;15;10011;29;;;10000.5;0.0
1;4100;INTARIAN_PEPPER_ROOT;12988;21;;;;;13003;12;13004;18;;;12994.5;0.0
1;4200;ASH_COATED_OSMIUM;9992;15;9989;21;;;10004;14;10010;26;;;10000.0;0.0
1;4200;INTARIAN_PEPPER_ROOT;12988;11;12986;15;;;13000;19;13002;17;;;12994.5;0.0
1;4300;ASH_COATED_OSMIUM;9990;22;9989;21;;;10005;13;;;;;9999.5;0.0
1;4300;INTARIAN_PEPPER_ROOT;12986;21;12985;22;;;13001;9;13004;23;;;12994.0;0.0
1;4400;ASH_COATED_OSMIUM;9992;12;;;;;10008;26;10012;22;;;9999.5;0.0
1;4400;INTARIAN_PEPPER_ROOT;12988;12;12985;20;;;13001;8;13003;18;;;12994.0;0.0
1;4500;ASH_COATED_OSMIUM;9992;14;9989;22;;;10008;14;;;;;9999.5;0.0
1;4500;INTARIAN_PEPPER_ROOT;12986;11;12983;18;;;13000;21;;;;;12993.5;0.0
1;4600;ASH_COATED_OSMIUM;9992;24;;;;;10009;12;;;;;9999.5;0.0
1;4600;INTARIAN_PEPPER_ROOT;12988;10;12984;21;;;12999;11;;;;;12993.5;0.0
1;4700;ASH_COATED_OSMIUM;9993;30;9989;28;;;10008;12;10011;22;;;9999.5;0.0
1;4700;INTARIAN_PEPPER_ROOT;12986;3;;;;;13000;10;13003;23;;;12993.5;0.0
1;4800;ASH_COATED_OSMIUM;9992;15;;;;;10008;8;10010;20;;;9999.5;0.0
1;4800;INTARIAN_PEPPER_ROOT;12987;9;;;;;12999;8;;;;;12993.0;0.0
1;4900;ASH_COATED_OSMIUM;9991;25;;;;;10008;15;;;;;9999.0;0.0
1;4900;INTARIAN_PEPPER_ROOT;12988;11;12983;23;;;12995;8;13004;24;;;12993.0;0.0
1;5000;ASH_COATED_OSMIUM;9990;10;9988;20;;;10007;15;10011;30;;;9998.5;0.0
1;5000;INTARIAN_PEPPER_ROOT;12987;10;12985;10;;;13000;21;13003;25;;;12993.0;0.0
1;5100;ASH_COATED_OSMIUM;9990;13;9987;29;;;10006;13;10010;23;;;9998.0;0.0
1;5100;INTARIAN_PEPPER_ROOT;12987;12;;;;;13000;11;;;;;12992.5;0.0
1;5200;ASH_COATED_OSMIUM;9989;11;;;;;10008;10;;;;;9998.0;0.0
1;5200;INTARIAN_PEPPER_ROOT;12987;10;12981;18;12978;21;13001;9;;;;;12992.5;0.0
1;5300;ASH_COATED_OSMIUM;9995;26;9988;21;;;10008;14;10010;22;;;9998.0;0.0
1;5300;INTARIAN_PEPPER_ROOT;12984;16;12984;19;;;13000;15;13003;15;;;12992.0;0.0
1;5400;ASH_COATED_OSMIUM;9990;10;;;;;10003;15;10010;24;;;9998.0;0.0
1;5400;INTARIAN_PEPPER_ROOT;12987;16;;;;;12998;12;13001;15;;;12992.0;0.0
1;5500;ASH_COATED_OSMIUM;9989;11;9987;24;;;10009;14;10008;21;;;9998.0;0.0
1;5500;INTARIAN_PEPPER_ROOT;12987;12;;;;;12998;12;13003;19;;;12992.0;0.0
1;5600;ASH_COATED_OSMIUM;9990;15;9988;26;;;10006;29;10008;29;;;9998.0;0.0
1;5600;INTARIAN_PEPPER_ROOT;12986;11;12982;22;;;12998;24;13002;22;;;12991.5;0.0
1;5700;ASH_COATED_OSMIUM;9990;21;9988;26;;;10006;12;10004;29;;;9997.5;0.0
1;5700;INTARIAN_PEPPER_ROOT;12986;11;;;;;13000;12;13000;25;;;12991.5;0.0
1;5800;ASH_COATED_OSMIUM;9989;12;9989;30;;;10008;12;10009;20;;;9998.5;0.0
1;5800;INTARIAN_PEPPER_ROOT;12985;10;12984;17;;;12998;8;13002;23;;;12991.5;0.0
1;5900;ASH_COATED_OSMIUM;9990;10;;;;;10007;12;10011;29;;;9998.5;0.0
1;5900;INTARIAN_PEPPER_ROOT;12985;10;12983;16;12978;25;12997;10;12999;25;;;12991.0;0.0
1;6000;ASH_COATED_OSMIUM;9989;12;;;;;10007;14;10011;15;;;9998.5;0.0
1;6000;INTARIAN_PEPPER_ROOT;12985;12;12981;25;;;12998;9;13000;22;;;12991.0;0.0
1;6100;ASH_COATED_OSMIUM;9990;20;;;9985;27;10006;13;10009;28;;;9998.0;0.0
1;6100;INTARIAN_PEPPER_ROOT;12985;12;;;;;12998;11;;;;;12990.5;0.0
1;6200;ASH_COATED_OSMIUM;9989;15;9987;24;;;10006;15;;;;;9998.0;0.0
1;6200;INTARIAN_PEPPER_ROOT;12984;9;;;;;12998;12;13000;20;;;12990.5;0.0
1;6300;ASH_COATED_OSMIUM;9991;14;9988;23;9984;30;10008;12;10009;25;;;9998.5;0.0
1;6300;INTARIAN_PEPPER_ROOT;12984;11;12982;12;;;12998;11;12999;20;;;12990.5;0.0
1;6400;ASH_COATED_OSMIUM;9994;10;9988;21;;;10007;15;;;;;9999.0;0.0
1;6400;INTARIAN_PEPPER_ROOT;12984;16;12981;23;;;12996;10;;;;;12990.0;0.0
1;6500;ASH_COATED_OSMIUM;9991;10;9988;26;;;10008;13;10009;28;;;9998.5;0.0
1;6500;INTARIAN_PEPPER_ROOT;12983;9;12982;18;;;12997;9;12999;24;;;12990.0;0.0
1;6600;ASH_COATED_OSMIUM;9990;11;9988;20;;;10008;30;10010;29;;;9997.5;0.0
1;6600;INTARIAN_PEPPER_ROOT;12983;11;12982;24;;;12996;8;;;;;12989.5;0.0
1;6700;ASH_COATED_OSMIUM;9989;14;9987;30;;;10006;12;10009;28;;;9998.0;0.0
1;6700;INTARIAN_PEPPER_ROOT;12982;12;;;;;12996;23;12998;25;;;12989.5;0.0
1;6800;ASH_COATED_OSMIUM;9993;12;9987;27;;;10008;11;10008;20;10012;30;9998.0;0.0
1;6800;INTARIAN_PEPPER_ROOT;12982;9;12980;25;;;12998;25;;;;;12989.5;0.0
1;6900;ASH_COATED_OSMIUM;9989;11;;;;;10004;15;;;;;9998.5;0.0
1;6900;INTARIAN_PEPPER_ROOT;12984;11;12981;19;;;12997;11;12998;18;;;12989.0;0.0
1;7000;ASH_COATED_OSMIUM;9991;20;9988;23;;;10007;24;10011;24;;;9999.0;0.0
1;7000;INTARIAN_PEPPER_ROOT;12983;12;12978;18;;;12997;10;12994;17;;;12989.0;0.0
1;7100;ASH_COATED_OSMIUM;9991;12;9989;29;;;10007;12;10009;25;;;9999.0;0.0
1;7100;INTARIAN_PEPPER_ROOT;12982;10;12981;24;;;12995;9;12999;24;;;12989.0;0.0
1;7200;ASH_COATED_OSMIUM;9992;11;9995;28;;;10008;12;10011;23;;;9999.5;0.0
1;7200;INTARIAN_PEPPER_ROOT;12982;11;12979;21;;;12996;8;12997;22;;;12988.5;0.0
1;7300;ASH_COATED_OSMIUM;9992;14;;;;;10008;13;10011;22;;;9999.5;0.0
1;7300;INTARIAN_PEPPER_ROOT;12982;8;12975;25;;;12995;11;;;;;12988.5;0.0
1;7400;ASH_COATED_OSMIUM;9992;15;9989;21;;;10008;14;10010;20;;;10000.0;0.0
1;7400;INTARIAN_PEPPER_ROOT;12981;11;;;;;12994;11;12998;18;;;12988.0;0.0
1;7500;ASH_COATED_OSMIUM;9992;11;;;;;10008;5;10012;30;;;9999.5;0.0
1;7500;INTARIAN_PEPPER_ROOT;12983;10;12981;15;;;12995;10;12998;15;;;12988.0;0.0
1;7600;ASH_COATED_OSMIUM;9992;14;;;;;10008;14;10010;22;;;9999.5;0.0
1;7600;INTARIAN_PEPPER_ROOT;12983;8;12979;23;;;12996;9;12997;24;;;12988.0;0.0
1;7700;ASH_COATED_OSMIUM;9989;26;9989;26;;;10008;11;10013;28;;;9999.5;0.0
1;7700;INTARIAN_PEPPER_ROOT;12981;10;;;;;12994;9;;;;;12987.5;0.0
1;7800;ASH_COATED_OSMIUM;9992;10;9989;20;;;10005;23;10010;29;;;9999.5;0.0
1;7800;INTARIAN_PEPPER_ROOT;12982;12;12979;18;12976;17;12994;8;12996;25;;;12987.5;0.0
1;7900;ASH_COATED_OSMIUM;9991;4;;;;;10008;13;10011;29;;;9999.5;0.0
1;7900;INTARIAN_PEPPER_ROOT;12979;12;12977;18;;;12996;9;12997;24;;;12987.5;0.0
1;8000;ASH_COATED_OSMIUM;9991;15;;;;;10009;11;10012;22;;;10000.0;0.0
1;8000;INTARIAN_PEPPER_ROOT;12981;21;12979;23;;;12995;12;12996;22;;;12987.0;0.0
1;8100;ASH_COATED_OSMIUM;9991;15;;;;;10010;10;10010;24;;;10000.0;0.0
1;8100;INTARIAN_PEPPER_ROOT;12980;12;12976;20;;;12994;9;;;;;12987.0;0.0
1;8200;ASH_COATED_OSMIUM;9992;14;;;;;10009;13;10012;28;;;10000.0;0.0
1;8200;INTARIAN_PEPPER_ROOT;12979;11;;;;;12993;11;;;;;12986.5;0.0
1;8300;ASH_COATED_OSMIUM;9996;12;9989;20;;;10004;7;;;;;10000.5;0.0
1;8300;INTARIAN_PEPPER_ROOT;12980;11;12977;25;;;12993;10;;;;;12986.5;0.0
1;8400;ASH_COATED_OSMIUM;9990;13;9991;11;;;10009;12;10012;24;;;10000.5;0.0
1;8400;INTARIAN_PEPPER_ROOT;12979;8;12978;18;;;12994;20;12995;23;;;12986.5;0.0
1;8500;ASH_COATED_OSMIUM;9992;14;9990;30;;;10010;14;;;;;10000.5;0.0
1;8500;INTARIAN_PEPPER_ROOT;12980;9;12976;22;;;12992;11;12995;22;;;12986.0;0.0
1;8600;ASH_COATED_OSMIUM;9996;14;;;;;10009;15;10012;30;;;10001.0;0.0
1;8600;INTARIAN_PEPPER_ROOT;12980;8;12975;20;;;12994;23;;;;;12986.0;0.0
1;8700;ASH_COATED_OSMIUM;9993;11;9991;29;;;10009;13;10011;21;;;10000.5;0.0
1;8700;INTARIAN_PEPPER_ROOT;12978;15;12977;25;;;12992;11;;;;;12986.0;0.0
1;8800;ASH_COATED_OSMIUM;9992;21;9989;28;;;10008;13;10008;28;;;10000.0;0.0
1;8800;INTARIAN_PEPPER_ROOT;12978;22;;;;;12992;12;;;;;12985.5;0.0
1;8900;ASH_COATED_OSMIUM;9993;12;;;;;10009;13;;;;;10000.5;0.0
1;8900;INTARIAN_PEPPER_ROOT;12975;12;12977;23;;;12992;18;12995;22;;;12985.5;0.0
1;9000;ASH_COATED_OSMIUM;9993;2;9990;29;;;10010;14;10015;25;;;10001.0;0.0
1;9000;INTARIAN_PEPPER_ROOT;12979;12;12974;24;;;12992;11;12995;21;;;12985.0;0.0
1;9100;ASH_COATED_OSMIUM;9993;12;9991;25;;;10011;10;;;;;10001.0;0.0
1;9100;INTARIAN_PEPPER_ROOT;12979;11;;;;;12991;9;12994;21;;;12985.0;0.0
1;9200;ASH_COATED_OSMIUM;9992;12;9990;25;;;10005;15;10012;24;;;10000.5;0.0
1;9200;INTARIAN_PEPPER_ROOT;12979;10;;;;;12991;10;12995;25;;;12985.0;0.0
1;9300;ASH_COATED_OSMIUM;9993;20;9991;30;;;10009;15;10011;29;10017;21;10000.5;0.0
1;9300;INTARIAN_PEPPER_ROOT;12978;8;12975;21;;;12993;11;12994;20;;;12984.5;0.0
1;9400;ASH_COATED_OSMIUM;9991;15;9990;23;;;10008;12;10010;21;;;10000.0;0.0
1;9400;INTARIAN_PEPPER_ROOT;12979;10;;;;;12992;7;12994;17;;;12984.5;0.0
1;9500;ASH_COATED_OSMIUM;9993;15;9990;28;;;10010;12;10007;28;;;10000.5;0.0
1;9500;INTARIAN_PEPPER_ROOT;12978;9;;;;;12990;11;12994;19;;;12984.0;0.0
1;9600;ASH_COATED_OSMIUM;9993;22;9991;29;;;10009;29;;;;;10000.5;0.0
1;9600;INTARIAN_PEPPER_ROOT;12978;22;12977;25;;;12992;9;12993;24;;;12984.0;0.0
1;9700;ASH_COATED_OSMIUM;9993;15;9990;27;;;10009;11;;;;;10000.5;0.0
1;9700;INTARIAN_PEPPER_ROOT;12977;19;12975;20;;;12992;9;12994;19;;;12984.0;0.0
1;9800;ASH_COATED_OSMIUM;9994;14;9991;24;;;10010;14;;;;;10001.5;0.0
1;9800;INTARIAN_PEPPER_ROOT;12977;8;12975;19;;;12991;11;12993;23;;;12983.5;0.0
1;9900;ASH_COATED_OSMIUM;9994;24;;;;;10007;13;10013;24;;;10001.5;0.0
1;9900;INTARIAN_PEPPER_ROOT;12978;9;12972;24;;;12992;24;12994;16;;;12983.5;0.0
1;10000;ASH_COATED_OSMIUM;9993;25;;;;;10010;14;10012;20;;;10001.5;0.0
1;10000;INTARIAN_PEPPER_ROOT;12977;8;12974;20;;;12990;11;12993;24;;;12983.5;0.0
1;10100;ASH_COATED_OSMIUM;9994;10;9991;21;;;10010;13;10013;26;;;10002.0;0.0
1;10100;INTARIAN_PEPPER_ROOT;12978;8;12974;20;;;12990;10;12992;18;;;12983.0;0.0
1;10200;ASH_COATED_OSMIUM;9993;15;9990;21;;;10011;27;10011;20;;;10001.0;0.0
1;10200;INTARIAN_PEPPER_ROOT;12977;12;12973;19;;;12990;19;12992;22;;;12983.0;0.0
1;10300;ASH_COATED_OSMIUM;9994;13;9992;23;;;10010;10;10013;21;;;10001.5;0.0
1;10300;INTARIAN_PEPPER_ROOT;12974;9;;;;;12990;10;12992;25;;;12982.5;0.0
1;10400;ASH_COATED_OSMIUM;9992;30;;;;;10010;11;;;;;10000.5;0.0
1;10400;INTARIAN_PEPPER_ROOT;12976;12;12974;18;;;12989;9;12992;24;;;12982.5;0.0
1;10500;ASH_COATED_OSMIUM;9993;15;;;;;10009;14;;;;;10001.0;0.0
1;10500;INTARIAN_PEPPER_ROOT;12977;11;12974;25;;;12989;12;;;;;12982.5;0.0
1;10600;ASH_COATED_OSMIUM;9993;12;9991;25;9987;28;10010;10;10011;30;;;10000.5;0.0
1;10600;INTARIAN_PEPPER_ROOT;12976;11;;;;;12992;12;12992;20;;;12982.0;0.0
1;10700;ASH_COATED_OSMIUM;9997;4;9990;15;;;10009;26;;;;;10000.5;0.0
1;10700;INTARIAN_PEPPER_ROOT;12976;9;12973;23;;;12989;10;12991;20;;;12982.0;0.0
1;10800;ASH_COATED_OSMIUM;9992;13;9990;28;;;10009;11;10013;25;;;10001.0;0.0
1;10800;INTARIAN_PEPPER_ROOT;12976;9;12972;24;;;12989;9;;;;;12982.0;0.0
1;10900;ASH_COATED_OSMIUM;9991;15;9989;20;;;10009;27;10012;24;;;10000.5;0.0
1;10900;INTARIAN_PEPPER_ROOT;12976;8;12973;16;;;12989;8;12992;22;;;12981.5;0.0
1;11000;ASH_COATED_OSMIUM;9992;22;;;;;10006;28;;;;;10000.5;0.0
1;11000;INTARIAN_PEPPER_ROOT;12976;9;;;;;12989;9;12991;24;;;12981.5;0.0
1;11100;ASH_COATED_OSMIUM;9991;14;9991;23;;;10009;15;;;;;10000.5;0.0
1;11100;INTARIAN_PEPPER_ROOT;12974;11;;;;;12987;12;;;;;12981.0;0.0
1;11200;ASH_COATED_OSMIUM;9993;10;;;;;10009;12;;;;;10000.5;0.0
1;11200;INTARIAN_PEPPER_ROOT;12973;12;12972;19;;;12987;17;12992;15;;;12981.0;0.0
1;11300;ASH_COATED_OSMIUM;9993;14;;;;;10009;12;10012;20;;;10000.5;0.0
1;11300;INTARIAN_PEPPER_ROOT;12971;10;12971;16;;;12987;16;12990;23;;;12981.0;0.0
1;11400;ASH_COATED_OSMIUM;9993;10;9991;27;;;10005;12;10012;23;;;10000.5;0.0
1;11400;INTARIAN_PEPPER_ROOT;12973;8;;;;;12988;12;12989;15;;;12980.5;0.0
1;11500;ASH_COATED_OSMIUM;9992;13;9989;30;;;10008;14;10010;24;;;10000.0;0.0
1;11500;INTARIAN_PEPPER_ROOT;12975;12;12971;9;;;12982;25;12988;23;;;12980.5;0.0
1;11600;ASH_COATED_OSMIUM;9997;21;9990;25;;;10010;13;10010;21;;;10000.0;0.0
1;11600;INTARIAN_PEPPER_ROOT;12974;23;;;;;12989;11;12989;23;;;12980.5;0.0
1;11700;ASH_COATED_OSMIUM;9992;11;9989;29;;;10008;25;;;;;10000.0;0.0
1;11700;INTARIAN_PEPPER_ROOT;12974;9;;;;;12986;12;12990;22;;;12980.0;0.0
1;11800;ASH_COATED_OSMIUM;9992;11;9988;25;;;10009;12;;;;;10000.0;0.0
1;11800;INTARIAN_PEPPER_ROOT;12974;24;;;;;12988;10;12991;22;;;12980.0;0.0
1;11900;ASH_COATED_OSMIUM;9992;14;9992;26;;;10008;10;;;;;9999.5;0.0
1;11900;INTARIAN_PEPPER_ROOT;12971;9;12971;15;;;12986;12;12989;25;;;12980.0;0.0
1;12000;ASH_COATED_OSMIUM;9993;10;9991;21;9988;29;10009;12;10012;24;;;10000.5;0.0
1;12000;INTARIAN_PEPPER_ROOT;12974;8;12970;15;;;12987;21;12990;17;;;12979.5;0.0
1;12100;ASH_COATED_OSMIUM;9991;12;;;;;10008;20;10010;30;;;10000.0;0.0
1;12100;INTARIAN_PEPPER_ROOT;12973;25;;;;;12986;24;12990;21;;;12979.5;0.0
1;12200;ASH_COATED_OSMIUM;9993;12;;;;;10009;5;10011;26;;;10000.5;0.0
1;12200;INTARIAN_PEPPER_ROOT;12971;12;;;;;12986;10;;;;;12979.0;0.0
1;12300;ASH_COATED_OSMIUM;9993;11;9990;30;;;10010;13;10012;23;;;10000.5;0.0
1;12300;INTARIAN_PEPPER_ROOT;12970;12;12970;15;;;12986;8;;;;;12979.0;0.0
1;12400;ASH_COATED_OSMIUM;9992;10;9990;24;;;10008;13;10011;29;;;9999.5;0.0
1;12400;INTARIAN_PEPPER_ROOT;12973;10;12969;24;;;12986;11;;;;;12979.0;0.0
1;12500;ASH_COATED_OSMIUM;9991;10;9989;25;;;10008;24;10011;24;;;10000.0;0.0
1;12500;INTARIAN_PEPPER_ROOT;12971;10;12969;16;;;12986;11;12988;18;;;12978.5;0.0
1;12600;ASH_COATED_OSMIUM;9992;10;;;;;10009;10;;;;;10000.0;0.0
1;12600;INTARIAN_PEPPER_ROOT;12972;11;;;;;12985;11;12990;20;;;12978.5;0.0
1;12700;ASH_COATED_OSMIUM;9992;14;9989;24;;;10008;11;10012;24;;;10000.0;0.0
1;12700;INTARIAN_PEPPER_ROOT;12972;10;;;;;12984;10;;;;;12978.0;0.0
1;12800;ASH_COATED_OSMIUM;9991;15;9989;30;;;10010;14;;;;;10000.0;0.0
1;12800;INTARIAN_PEPPER_ROOT;12971;8;12968;25;;;12984;16;12987;24;;;12978.0;0.0
1;12900;ASH_COATED_OSMIUM;9992;13;;;;;10008;12;;;;;10000.0;0.0
1;12900;INTARIAN_PEPPER_ROOT;12971;9;12969;24;;;12984;12;12988;21;;;12978.0;0.0
1;13000;ASH_COATED_OSMIUM;9991;14;9990;26;;;10008;14;10010;29;;;9999.5;0.0
1;13000;INTARIAN_PEPPER_ROOT;12971;8;12969;24;;;12984;11;12986;21;;;12977.5;0.0
1;13100;ASH_COATED_OSMIUM;9991;20;9989;29;;;10008;10;10012;25;;;10000.0;0.0
1;13100;INTARIAN_PEPPER_ROOT;12977;10;;;;;12986;24;;;;;12977.5;0.0
1;13200;ASH_COATED_OSMIUM;9990;10;9989;25;;;10008;10;10011;21;;;10000.0;0.0
1;13200;INTARIAN_PEPPER_ROOT;12972;12;12968;21;;;12979;10;12986;16;;;12977.5;0.0
1;13300;ASH_COATED_OSMIUM;9992;12;9989;12;;;10010;15;10011;29;;;10000.0;0.0
1;13300;INTARIAN_PEPPER_ROOT;12970;8;;;;;12983;11;;;;;12977.0;0.0
1;13400;ASH_COATED_OSMIUM;9991;15;9990;24;;;10008;10;;;;;10000.0;0.0
1;13400;INTARIAN_PEPPER_ROOT;12971;12;12968;18;;;12982;15;12987;21;;;12977.0;0.0
1;13500;ASH_COATED_OSMIUM;9992;14;9988;13;;;10008;14;10012;30;10016;27;9999.5;0.0
1;13500;INTARIAN_PEPPER_ROOT;12971;11;;;;;12983;12;12986;19;;;12976.5;0.0
1;13600;ASH_COATED_OSMIUM;9992;11;9988;20;;;10010;13;;;;;9999.5;0.0
1;13600;INTARIAN_PEPPER_ROOT;12969;10;12968;25;;;12982;24;12985;17;;;12976.5;0.0
1;13700;ASH_COATED_OSMIUM;9992;10;9989;20;;;10008;15;10011;27;;;9999.5;0.0
1;13700;INTARIAN_PEPPER_ROOT;12969;11;;;;;12984;12;;;;;12976.5;0.0
1;13800;ASH_COATED_OSMIUM;9991;11;9990;22;;;10009;15;10012;29;;;10000.0;0.0
1;13800;INTARIAN_PEPPER_ROOT;12970;11;;;;;12983;20;12986;18;;;12976.0;0.0
1;13900;ASH_COATED_OSMIUM;9991;30;;;;;10008;15;;;;;9999.5;0.0
1;13900;INTARIAN_PEPPER_ROOT;12971;11;;;;;12982;11;;;;;12976.0;0.0
1;14000;ASH_COATED_OSMIUM;9991;13;;;;;10008;11;10010;28;;;10000.0;0.0
1;14000;INTARIAN_PEPPER_ROOT;12969;10;;;;;12982;9;12984;25;;;12975.5;0.0
1;14100;ASH_COATED_OSMIUM;9991;10;;;;;10008;10;10012;20;;;10000.0;0.0
1;14100;INTARIAN_PEPPER_ROOT;12969;8;12966;17;;;12979;11;12984;19;;;12975.5;0.0
1;14200;ASH_COATED_OSMIUM;9992;12;;;;;10009;15;10011;15;;;10000.0;0.0
1;14200;INTARIAN_PEPPER_ROOT;12968;8;12967;24;;;12982;12;12985;15;;;12975.5;0.0
1;14300;ASH_COATED_OSMIUM;9992;28;9989;30;;;10008;10;10010;23;;;9999.5;0.0
1;14300;INTARIAN_PEPPER_ROOT;12969;8;;;;;12982;8;;;;;12975.0;0.0
1;14400;ASH_COATED_OSMIUM;9991;14;9989;30;;;10008;12;10010;28;;;10000.0;0.0
1;14400;INTARIAN_PEPPER_ROOT;12969;10;12966;21;;;12983;22;;;;;12975.0;0.0
1;14500;ASH_COATED_OSMIUM;9991;15;9990;20;;;10008;11;;;;;9999.5;0.0
1;14500;INTARIAN_PEPPER_ROOT;12967;10;12965;15;;;12983;10;;;;;12975.0;0.0
1;14600;ASH_COATED_OSMIUM;9991;13;9990;21;;;10008;10;10010;28;;;10000.0;0.0
1;14600;INTARIAN_PEPPER_ROOT;12968;12;12966;21;;;12981;9;12984;25;;;12974.5;0.0
1;14700;ASH_COATED_OSMIUM;9993;12;9991;22;;;10010;12;;;;;10000.5;0.0
1;14700;INTARIAN_PEPPER_ROOT;12966;11;12966;25;;;12980;12;;;;;12974.5;0.0
1;14800;ASH_COATED_OSMIUM;9996;15;9989;26;;;10009;14;;;;;10000.0;0.0
1;14800;INTARIAN_PEPPER_ROOT;12968;9;;;;;12982;10;12985;20;;;12974.0;0.0
1;14900;ASH_COATED_OSMIUM;9990;14;9989;20;;;10009;12;10011;24;;;9999.5;0.0
1;14900;INTARIAN_PEPPER_ROOT;12967;12;12965;18;;;12980;10;;;;;12974.0;0.0
1;15000;ASH_COATED_OSMIUM;9992;11;9990;27;;;10008;10;10012;24;;;10000.0;0.0
1;15000;INTARIAN_PEPPER_ROOT;12967;12;;;;;12981;12;12983;15;;;12974.0;0.0
1;15100;ASH_COATED_OSMIUM;9991;14;9989;29;;;10008;13;10012;23;;;10000.0;0.0
1;15100;INTARIAN_PEPPER_ROOT;12968;19;12966;15;;;12980;11;12985;8;12988;23;12973.5;0.0
1;15200;ASH_COATED_OSMIUM;9992;12;9989;29;;;10005;10;10011;21;;;9999.5;0.0
1;15200;INTARIAN_PEPPER_ROOT;12967;11;12966;18;;;12980;12;12984;21;;;12973.5;0.0
1;15300;ASH_COATED_OSMIUM;9992;13;9990;13;;;10008;27;10013;20;;;10000.0;0.0
1;15300;INTARIAN_PEPPER_ROOT;12966;12;;;;;12980;15;12983;25;;;12973.5;0.0
1;15400;ASH_COATED_OSMIUM;9993;15;9989;29;;;10009;14;10013;27;;;10000.5;0.0
1;15400;INTARIAN_PEPPER_ROOT;12967;8;12964;22;;;12979;16;12984;22;;;12973.0;0.0
1;15500;ASH_COATED_OSMIUM;9997;15;9989;30;;;10008;21;;;;;9999.5;0.0
1;15500;INTARIAN_PEPPER_ROOT;12967;10;12964;16;;;12981;11;;;;;12973.0;0.0
1;15600;ASH_COATED_OSMIUM;9992;3;;;;;10011;12;10011;30;;;10000.0;0.0
1;15600;INTARIAN_PEPPER_ROOT;12965;10;12965;21;;;12980;12;12980;15;;;12972.5;0.0
1;15700;ASH_COATED_OSMIUM;9991;14;9989;27;;;10008;13;10010;24;;;10000.0;0.0
1;15700;INTARIAN_PEPPER_ROOT;12966;8;12963;22;;;12979;17;12983;11;;;12972.5;0.0
1;15800;ASH_COATED_OSMIUM;9993;10;9990;27;;;10009;12;;;;;10000.5;0.0
1;15800;INTARIAN_PEPPER_ROOT;12967;11;12964;20;;;12979;9;;;;;12972.5;0.0
1;15900;ASH_COATED_OSMIUM;9992;15;9989;23;;;10008;10;10011;22;;;9999.5;0.0
1;15900;INTARIAN_PEPPER_ROOT;12963;11;12963;22;;;12978;12;12981;25;12988;21;12972.0;0.0
1;16000;ASH_COATED_OSMIUM;9991;11;9988;23;;;10007;11;10010;27;;;9999.0;0.0
1;16000;INTARIAN_PEPPER_ROOT;12964;8;12965;18;;;12980;8;;;;;12972.0;0.0
1;16100;ASH_COATED_OSMIUM;9992;10;9989;29;;;10008;14;10011;27;;;9999.5;0.0
1;16100;INTARIAN_PEPPER_ROOT;12964;10;12963;15;;;12980;11;;;;;12971.5;0.0
1;16200;ASH_COATED_OSMIUM;9992;14;;;;;10008;15;10011;27;;;9999.5;0.0
1;16200;INTARIAN_PEPPER_ROOT;12964;8;;;;;12978;8;;;;;12971.5;0.0
1;16300;ASH_COATED_OSMIUM;9992;11;9993;22;;;10008;30;10011;26;;;10000.0;0.0
1;16300;INTARIAN_PEPPER_ROOT;12966;9;12963;22;;;12978;12;;;;;12971.5;0.0
1;16400;ASH_COATED_OSMIUM;9993;15;9990;15;;;10009;3;10012;27;;;10001.0;0.0
1;16400;INTARIAN_PEPPER_ROOT;12965;12;12962;24;;;12979;12;;;;;12971.0;0.0
1;16500;ASH_COATED_OSMIUM;9994;10;;;;;10011;11;10012;25;;;10001.5;0.0
1;16500;INTARIAN_PEPPER_ROOT;12965;8;12960;16;;;12980;12;12981;24;;;12971.0;0.0
1;16600;ASH_COATED_OSMIUM;9991;13;;;;;10010;5;;;;;10001.0;0.0
1;16600;INTARIAN_PEPPER_ROOT;12965;11;12962;15;;;12977;17;;;;;12971.0;0.0
1;16700;ASH_COATED_OSMIUM;9992;10;;;;;10009;10;10012;30;;;10000.5;0.0
1;16700;INTARIAN_PEPPER_ROOT;12965;11;12961;24;;;12977;9;;;;;12970.5;0.0
1;16800;ASH_COATED_OSMIUM;9993;10;9986;30;;;10009;14;10011;21;;;10000.5;0.0
1;16800;INTARIAN_PEPPER_ROOT;12964;10;;;;;12978;10;12980;23;;;12970.5;0.0
1;16900;ASH_COATED_OSMIUM;9995;11;;;;;10010;13;10011;28;;;10000.0;0.0
1;16900;INTARIAN_PEPPER_ROOT;12962;12;;;;;12978;20;12979;19;;;12970.0;0.0
1;17000;ASH_COATED_OSMIUM;9992;14;9990;30;;;10005;15;10010;27;;;10000.0;0.0
1;17000;INTARIAN_PEPPER_ROOT;12961;12;12961;24;;;12976;9;12979;22;;;12970.0;0.0
1;17100;ASH_COATED_OSMIUM;9993;11;9990;27;;;10009;14;10013;30;;;10000.5;0.0
1;17100;INTARIAN_PEPPER_ROOT;12963;21;;;;;12976;8;;;;;12970.0;0.0
1;17200;ASH_COATED_OSMIUM;9993;11;9990;27;;;10010;30;10012;23;;;10000.5;0.0
1;17200;INTARIAN_PEPPER_ROOT;12963;8;12961;24;;;12976;9;;;;;12969.5;0.0
1;17300;ASH_COATED_OSMIUM;9993;12;9991;24;;;10009;15;10012;30;;;10000.5;0.0
1;17300;INTARIAN_PEPPER_ROOT;12963;9;12961;23;;;12977;8;12981;23;;;12969.5;0.0
1;17400;ASH_COATED_OSMIUM;9993;12;;;;;10010;27;10012;30;;;10000.5;0.0
1;17400;INTARIAN_PEPPER_ROOT;12962;4;;;;;12977;12;12981;25;;;12969.5;0.0
1;17500;ASH_COATED_OSMIUM;9992;12;;;;;10009;14;10012;22;;;10000.5;0.0
1;17500;INTARIAN_PEPPER_ROOT;12962;9;12961;19;;;12978;11;;;;;12969.0;0.0
1;17600;ASH_COATED_OSMIUM;9991;12;9989;26;;;10008;13;;;;;10000.0;0.0
1;17600;INTARIAN_PEPPER_ROOT;12962;12;12959;25;;;12976;8;12978;22;;;12969.0;0.0
1;17700;ASH_COATED_OSMIUM;9992;20;;;;;10009;13;;;;;9999.5;0.0
1;17700;INTARIAN_PEPPER_ROOT;12961;9;12961;20;;;12975;9;12977;18;;;12968.5;0.0
1;17800;ASH_COATED_OSMIUM;9992;10;9989;22;;;10008;13;10010;25;;;9999.5;0.0
1;17800;INTARIAN_PEPPER_ROOT;12963;9;12959;17;;;12974;11;12978;17;;;12968.5;0.0
1;17900;ASH_COATED_OSMIUM;9991;14;9987;28;;;10008;14;10009;20;;;9998.5;0.0
1;17900;INTARIAN_PEPPER_ROOT;12962;11;12957;24;;;12975;11;12978;20;;;12968.5;0.0
1;18000;ASH_COATED_OSMIUM;9991;14;;;;;10007;13;;;;;9999.0;0.0
1;18000;INTARIAN_PEPPER_ROOT;12961;10;12958;23;;;12974;10;12976;20;;;12968.0;0.0
1;18100;ASH_COATED_OSMIUM;9990;12;9989;25;;;10009;15;10010;28;;;9999.0;0.0
1;18100;INTARIAN_PEPPER_ROOT;12959;11;12959;17;;;12976;8;12978;21;;;12968.0;0.0
1;18200;ASH_COATED_OSMIUM;9991;11;;;;;10007;15;10010;29;;;9999.0;0.0
1;18200;INTARIAN_PEPPER_ROOT;12963;10;12960;17;;;12977;9;12978;23;;;12968.0;0.0
1;18300;ASH_COATED_OSMIUM;9994;10;9989;21;;;10008;12;;;;;9999.0;0.0
1;18300;INTARIAN_PEPPER_ROOT;12962;12;12958;17;;;12969;16;12976;22;;;12967.5;0.0
1;18400;ASH_COATED_OSMIUM;9991;10;9988;29;;;10007;24;10009;21;;;9998.5;0.0
1;18400;INTARIAN_PEPPER_ROOT;12967;9;12957;16;;;12974;8;;;;;12967.5;0.0
1;18500;ASH_COATED_OSMIUM;9991;5;;;;;10009;12;;;;;9998.5;0.0
1;18500;INTARIAN_PEPPER_ROOT;12962;23;12958;24;;;12974;23;12977;25;;;12967.5;0.0
1;18600;ASH_COATED_OSMIUM;9990;10;;;;;10006;13;;;;;9997.5;0.0
1;18600;INTARIAN_PEPPER_ROOT;12959;10;12959;22;;;12973;8;12976;19;;;12967.0;0.0
1;18700;ASH_COATED_OSMIUM;9990;12;9987;21;;;10007;13;10011;25;;;9997.5;0.0
1;18700;INTARIAN_PEPPER_ROOT;12961;20;12959;22;;;12973;8;12976;17;;;12967.0;0.0
1;18800;ASH_COATED_OSMIUM;9990;14;9988;22;9985;26;10006;13;;;;;9998.0;0.0
1;18800;INTARIAN_PEPPER_ROOT;12961;8;12957;12;;;12968;10;;;;;12966.5;0.0
1;18900;ASH_COATED_OSMIUM;9990;12;;;;;10008;13;10009;20;;;9998.5;0.0
1;18900;INTARIAN_PEPPER_ROOT;12959;9;12957;25;;;12972;9;12976;16;;;12966.5;0.0
1;19000;ASH_COATED_OSMIUM;9991;11;9987;29;;;10007;14;10010;22;;;9998.5;0.0
1;19000;INTARIAN_PEPPER_ROOT;12961;11;;;;;12973;8;;;;;12966.5;0.0
1;19100;ASH_COATED_OSMIUM;9991;13;;;;;10008;11;10009;28;;;9998.5;0.0
1;19100;INTARIAN_PEPPER_ROOT;12960;9;;;;;12973;9;12975;20;;;12966.0;0.0
1;19200;ASH_COATED_OSMIUM;9991;14;;;;;10009;14;10006;30;;;9998.5;0.0
1;19200;INTARIAN_PEPPER_ROOT;12961;12;;;;;12972;11;12974;18;;;12966.0;0.0
1;19300;ASH_COATED_OSMIUM;9991;27;;;;;10008;13;;;;;9998.5;0.0
1;19300;INTARIAN_PEPPER_ROOT;12960;12;;;;;12976;11;;;;;12966.0;0.0
1;19400;ASH_COATED_OSMIUM;9993;14;9986;29;;;10007;11;;;;;9998.5;0.0
1;19400;INTARIAN_PEPPER_ROOT;12957;18;12956;16;;;12974;10;12975;20;;;12965.5;0.0
1;19500;ASH_COATED_OSMIUM;9991;10;9988;22;;;10007;10;10009;24;;;9999.0;0.0
1;19500;INTARIAN_PEPPER_ROOT;12960;10;12955;15;;;12972;8;12976;12;;;12965.5;0.0
1;19600;ASH_COATED_OSMIUM;9991;10;9988;25;;;10007;12;;;;;9999.0;0.0
1;19600;INTARIAN_PEPPER_ROOT;12958;10;12956;20;;;12972;8;12974;17;;;12965.0;0.0
1;19700;ASH_COATED_OSMIUM;9991;15;9989;26;;;10007;28;;;;;9998.5;0.0
1;19700;INTARIAN_PEPPER_ROOT;12958;10;12956;12;;;12972;9;12974;19;;;12965.0;0.0
1;19800;ASH_COATED_OSMIUM;9991;26;;;;;10008;14;10009;27;;;9999.0;0.0
1;19800;INTARIAN_PEPPER_ROOT;12957;12;;;;;12972;8;;;12979;15;12965.0;0.0
1;19900;ASH_COATED_OSMIUM;9991;15;9987;23;;;10008;10;;;;;9999.0;0.0
1;19900;INTARIAN_PEPPER_ROOT;12958;10;;;;;12966;8;12974;23;;;12964.5;0.0
1;20000;ASH_COATED_OSMIUM;9991;10;;;;;10008;14;;;;;9999.5;0.0
1;20000;INTARIAN_PEPPER_ROOT;12956;8;12958;16;;;12971;10;12974;21;;;12964.5;0.0
1;20100;ASH_COATED_OSMIUM;9991;10;;;;;10008;10;10010;20;;;9999.5;0.0
1;20100;INTARIAN_PEPPER_ROOT;12956;8;12956;24;;;12971;11;12973;17;;;12964.5;0.0
1;20200;ASH_COATED_OSMIUM;9992;28;9989;21;;;10010;29;10010;14;;;9999.5;0.0
1;20200;INTARIAN_PEPPER_ROOT;12962;10;;;;;12970;20;12973;25;;;12964.0;0.0
1;20300;ASH_COATED_OSMIUM;9992;13;;;;;10005;25;10010;22;;;9999.5;0.0
1;20300;INTARIAN_PEPPER_ROOT;12958;11;12956;25;;;12971;10;12972;23;;;12964.0;0.0
1;20400;ASH_COATED_OSMIUM;9991;13;;;;;10007;11;10007;20;;;9999.0;0.0
1;20400;INTARIAN_PEPPER_ROOT;12960;20;12955;22;;;12969;11;;;;;12963.5;0.0
1;20500;ASH_COATED_OSMIUM;9991;15;9989;15;;;10007;13;10010;30;;;9999.0;0.0
1;20500;INTARIAN_PEPPER_ROOT;12962;11;;;;;12970;9;12972;21;;;12963.5;0.0
1;20600;ASH_COATED_OSMIUM;9990;10;9989;27;9985;24;10008;12;10011;24;;;9999.5;0.0
1;20600;INTARIAN_PEPPER_ROOT;12958;12;;;;;12971;12;12974;18;;;12963.5;0.0
1;20700;ASH_COATED_OSMIUM;9995;15;;;;;10008;10;10012;25;;;10000.0;0.0
1;20700;INTARIAN_PEPPER_ROOT;12956;25;12955;23;;;12965;7;12972;17;;;12963.0;0.0
1;20800;ASH_COATED_OSMIUM;9992;15;;;;;10008;10;10006;29;;;10000.0;0.0
1;20800;INTARIAN_PEPPER_ROOT;12958;9;12955;24;;;12970;15;;;;;12963.0;0.0
1;20900;ASH_COATED_OSMIUM;9990;15;9987;28;;;10009;15;10011;25;;;10000.0;0.0
1;20900;INTARIAN_PEPPER_ROOT;12954;9;12955;17;;;12969;11;;;;;12963.0;0.0
1;21000;ASH_COATED_OSMIUM;9992;11;;;;;10008;12;10010;22;;;9999.5;0.0
1;21000;INTARIAN_PEPPER_ROOT;12955;11;;;;;12969;11;12971;24;;;12962.5;0.0
1;21100;ASH_COATED_OSMIUM;9992;11;9989;22;;;10008;14;10012;30;;;10000.0;0.0
1;21100;INTARIAN_PEPPER_ROOT;12955;12;12955;22;;;12971;10;12974;22;;;12962.5;0.0
1;21200;ASH_COATED_OSMIUM;9992;13;9990;28;;;10008;3;10012;21;;;10000.0;0.0
1;21200;INTARIAN_PEPPER_ROOT;12961;9;12953;19;;;12968;12;12973;20;;;12962.0;0.0
1;21300;ASH_COATED_OSMIUM;9993;11;;;;;10009;13;10012;30;;;10000.5;0.0
1;21300;INTARIAN_PEPPER_ROOT;12954;10;;;;;12968;9;;;;;12962.0;0.0
1;21400;ASH_COATED_OSMIUM;9993;14;9991;24;;;10007;12;;;;;10001.0;0.0
1;21400;INTARIAN_PEPPER_ROOT;12956;11;12953;21;;;12969;9;;;;;12962.0;0.0
1;21500;ASH_COATED_OSMIUM;9993;12;9991;30;;;10009;13;10011;27;;;10001.0;0.0
1;21500;INTARIAN_PEPPER_ROOT;12956;8;12952;20;;;12968;22;12970;25;;;12961.5;0.0
1;21600;ASH_COATED_OSMIUM;9993;20;9991;28;;;10011;12;10011;24;;;10001.0;0.0
1;21600;INTARIAN_PEPPER_ROOT;12955;10;12953;21;;;12968;15;;;;;12961.5;0.0
1;21700;ASH_COATED_OSMIUM;9998;12;9991;20;;;10011;14;10013;28;;;10001.5;0.0
1;21700;INTARIAN_PEPPER_ROOT;12955;19;12954;24;;;12970;8;;;;;12961.5;0.0
1;21800;ASH_COATED_OSMIUM;9993;15;9990;24;;;10009;10;;;;;10001.0;0.0
1;21800;INTARIAN_PEPPER_ROOT;12956;11;12953;22;;;12967;9;12971;18;;;12961.0;0.0
1;21900;ASH_COATED_OSMIUM;9994;12;9991;22;;;10010;10;;;;;10001.5;0.0
1;21900;INTARIAN_PEPPER_ROOT;12955;9;12951;15;;;12968;12;12970;17;;;12961.0;0.0
1;22000;ASH_COATED_OSMIUM;9993;13;9991;22;;;10009;20;;;;;10001.0;0.0
1;22000;INTARIAN_PEPPER_ROOT;12954;10;12952;10;;;12969;9;12970;20;;;12960.5;0.0
1;22100;ASH_COATED_OSMIUM;9993;13;9991;26;;;10009;21;10015;21;;;10000.5;0.0
1;22100;INTARIAN_PEPPER_ROOT;12953;11;12951;18;;;12967;8;;;;;12960.5;0.0
1;22200;ASH_COATED_OSMIUM;9993;11;9991;25;;;10010;14;10012;28;;;10000.5;0.0
1;22200;INTARIAN_PEPPER_ROOT;12953;10;;;;;12967;20;12969;22;;;12960.5;0.0
1;22300;ASH_COATED_OSMIUM;9995;12;9988;26;;;10008;14;;;;;10000.0;0.0
1;22300;INTARIAN_PEPPER_ROOT;12954;9;12952;25;;;12967;21;12968;24;;;12960.0;0.0
1;22400;ASH_COATED_OSMIUM;9992;11;9989;30;;;10010;15;10011;27;;;10000.0;0.0
1;22400;INTARIAN_PEPPER_ROOT;12953;19;;;;;12966;8;12970;18;12974;16;12960.0;0.0
1;22500;ASH_COATED_OSMIUM;9997;10;9990;15;;;10005;13;10011;24;;;9999.5;0.0
1;22500;INTARIAN_PEPPER_ROOT;12952;11;;;;;12968;15;;;;;12959.5;0.0
1;22600;ASH_COATED_OSMIUM;9989;12;;;;;10008;15;;;;;9999.5;0.0
1;22600;INTARIAN_PEPPER_ROOT;12953;16;12950;23;;;12964;11;12971;21;12975;17;12959.5;0.0
1;22700;ASH_COATED_OSMIUM;9991;15;9990;26;;;10008;15;10010;24;;;10000.0;0.0
1;22700;INTARIAN_PEPPER_ROOT;12953;8;12950;17;;;12966;10;12970;19;;;12959.5;0.0
1;22800;ASH_COATED_OSMIUM;9992;13;9990;30;;;10008;15;;;;;9999.5;0.0
1;22800;INTARIAN_PEPPER_ROOT;12953;5;12949;22;;;12967;11;12968;22;;;12959.0;0.0
1;22900;ASH_COATED_OSMIUM;9992;21;9990;22;;;10008;15;;;;;9999.5;0.0
1;22900;INTARIAN_PEPPER_ROOT;12952;16;12950;17;;;12965;8;12969;19;;;12959.0;0.0
1;23000;ASH_COATED_OSMIUM;9993;12;9994;28;;;10009;11;10013;26;;;10000.5;0.0
1;23000;INTARIAN_PEPPER_ROOT;12953;22;12950;18;;;12964;12;;;;;12959.0;0.0
1;23100;ASH_COATED_OSMIUM;9998;15;9990;26;;;10009;24;10015;13;;;10000.5;0.0
1;23100;INTARIAN_PEPPER_ROOT;12952;22;12949;20;;;12965;11;12967;16;;;12958.5;0.0
1;23200;ASH_COATED_OSMIUM;9992;10;;;;;10008;13;10010;14;;;10000.0;0.0
1;23200;INTARIAN_PEPPER_ROOT;12953;9;12949;19;;;12965;25;;;;;12958.5;0.0
1;23300;ASH_COATED_OSMIUM;9991;11;;;;;10009;11;;;;;10000.5;0.0
1;23300;INTARIAN_PEPPER_ROOT;12953;9;12948;18;;;12965;9;12967;22;;;12958.0;0.0
1;23400;ASH_COATED_OSMIUM;9993;13;;;;;10009;14;10011;20;;;10000.5;0.0
1;23400;INTARIAN_PEPPER_ROOT;12951;8;12947;20;;;12960;21;12968;22;;;12958.0;0.0
1;23500;ASH_COATED_OSMIUM;9993;20;9991;26;;;10009;11;10011;20;;;10000.5;0.0
1;23500;INTARIAN_PEPPER_ROOT;12953;25;12948;23;;;12965;10;12968;16;;;12958.0;0.0
1;23600;ASH_COATED_OSMIUM;9993;14;9991;26;;;10009;26;10012;24;;;10001.0;0.0
1;23600;INTARIAN_PEPPER_ROOT;12952;9;12948;16;;;12966;9;;;;;12957.5;0.0
1;23700;ASH_COATED_OSMIUM;9993;11;9990;27;;;10009;10;10012;22;;;10001.0;0.0
1;23700;INTARIAN_PEPPER_ROOT;12951;24;12949;8;;;12965;11;12965;16;;;12957.5;0.0
1;23800;ASH_COATED_OSMIUM;9997;15;9992;24;;;10010;15;10012;29;;;10001.5;0.0
1;23800;INTARIAN_PEPPER_ROOT;12951;8;;;;;12963;8;12967;16;;;12957.5;0.0
1;23900;ASH_COATED_OSMIUM;9997;11;9990;27;;;10009;11;;;;;10001.0;0.0
1;23900;INTARIAN_PEPPER_ROOT;12950;12;12947;20;;;12965;9;;;;;12957.0;0.0
1;24000;ASH_COATED_OSMIUM;9992;14;9990;20;;;10010;13;10013;29;;;10001.0;0.0
1;24000;INTARIAN_PEPPER_ROOT;12950;21;12948;21;;;12963;9;12966;25;;;12957.0;0.0
1;24100;ASH_COATED_OSMIUM;9993;14;;;;;10009;10;;;;;10001.0;0.0
1;24100;INTARIAN_PEPPER_ROOT;12950;12;12948;15;;;12963;22;12965;25;;;12956.5;0.0
1;24200;ASH_COATED_OSMIUM;9994;21;9989;25;;;10010;21;10012;24;;;10001.5;0.0
1;24200;INTARIAN_PEPPER_ROOT;12951;10;12948;23;;;12964;11;12966;23;;;12956.5;0.0
1;24300;ASH_COATED_OSMIUM;9992;12;;;;;10009;14;10011;26;;;10000.5;0.0
1;24300;INTARIAN_PEPPER_ROOT;12948;9;12948;18;;;12963;10;12966;15;;;12956.5;0.0
1;24400;ASH_COATED_OSMIUM;9992;12;;;;;10008;15;10011;28;;;10000.0;0.0
1;24400;INTARIAN_PEPPER_ROOT;12949;10;;;;;12962;11;12967;22;;;12956.0;0.0
1;24500;ASH_COATED_OSMIUM;9992;14;9989;27;;;10008;14;;;;;9999.5;0.0
1;24500;INTARIAN_PEPPER_ROOT;12951;8;12947;25;;;12963;11;12965;16;;;12956.0;0.0
1;24600;ASH_COATED_OSMIUM;9991;13;9990;25;;;10005;11;10011;24;;;9999.5;0.0
1;24600;INTARIAN_PEPPER_ROOT;12949;11;;;;;12963;19;12967;20;;;12956.0;0.0
1;24700;ASH_COATED_OSMIUM;9991;11;9990;24;;;10010;21;10010;30;;;10000.0;0.0
1;24700;INTARIAN_PEPPER_ROOT;12950;8;;;;;12961;10;12966;23;;;12955.5;0.0
1;24800;ASH_COATED_OSMIUM;9991;14;;;;;10008;10;10010;29;;;10000.0;0.0
1;24800;INTARIAN_PEPPER_ROOT;12949;8;;;;;12962;8;;;;;12955.5;0.0
1;24900;ASH_COATED_OSMIUM;9993;15;9993;30;;;10009;13;10011;21;;;10000.5;0.0
1;24900;INTARIAN_PEPPER_ROOT;12950;11;12944;17;;;12961;9;;;;;12955.0;0.0
1;25000;ASH_COATED_OSMIUM;9992;12;9990;28;;;10009;10;10011;28;;;10001.0;0.0
1;25000;INTARIAN_PEPPER_ROOT;12948;9;;;;;12963;24;12962;17;;;12955.0;0.0
1;25100;ASH_COATED_OSMIUM;9993;15;9991;22;;;10009;11;10012;28;;;10000.5;0.0
1;25100;INTARIAN_PEPPER_ROOT;12949;17;12945;20;;;12961;11;12966;9;;;12955.0;0.0
1;25200;ASH_COATED_OSMIUM;9992;11;;;;;10008;30;10011;12;;;10000.0;0.0
1;25200;INTARIAN_PEPPER_ROOT;12948;11;12945;17;;;12962;9;;;;;12954.5;0.0
1;25300;ASH_COATED_OSMIUM;9993;13;9989;20;;;10009;25;10012;23;;;10000.5;0.0
1;25300;INTARIAN_PEPPER_ROOT;12946;11;12945;15;;;12961;11;;;;;12954.5;0.0
1;25400;ASH_COATED_OSMIUM;9992;10;;;;;10009;14;10011;21;;;10001.0;0.0
1;25400;INTARIAN_PEPPER_ROOT;12947;10;;;;;12961;9;;;;;12954.0;0.0
1;25500;ASH_COATED_OSMIUM;9991;15;9990;22;;;10009;15;;;;;10001.0;0.0
1;25500;INTARIAN_PEPPER_ROOT;12948;10;;;;;12956;9;12963;22;;;12954.0;0.0
1;25600;ASH_COATED_OSMIUM;9993;10;9989;25;;;10009;25;10011;30;;;10000.5;0.0
1;25600;INTARIAN_PEPPER_ROOT;12946;8;;;;;12961;10;12963;24;;;12954.0;0.0
1;25700;ASH_COATED_OSMIUM;9993;29;9991;27;;;10010;13;;;;;10000.5;0.0
1;25700;INTARIAN_PEPPER_ROOT;12948;11;12943;24;;;12960;21;12963;17;;;12953.5;0.0
1;25800;ASH_COATED_OSMIUM;9991;15;;;;;10008;25;10012;26;;;10000.0;0.0
1;25800;INTARIAN_PEPPER_ROOT;12947;11;;;;;12960;10;12963;21;;;12953.5;0.0
1;25900;ASH_COATED_OSMIUM;9992;13;9990;28;;;10008;13;10010;23;;;9999.5;0.0
1;25900;INTARIAN_PEPPER_ROOT;12948;8;12946;22;;;12962;10;12962;17;;;12953.5;0.0
1;26000;ASH_COATED_OSMIUM;9992;14;9988;24;;;10008;12;10010;22;;;9999.5;0.0
1;26000;INTARIAN_PEPPER_ROOT;12945;11;12946;17;;;12959;22;12963;21;;;12953.0;0.0
1;26100;ASH_COATED_OSMIUM;9990;22;9991;25;;;10009;13;10012;22;;;10000.5;0.0
1;26100;INTARIAN_PEPPER_ROOT;12947;12;12945;21;;;12959;11;12964;20;;;12953.0;0.0
1;26200;ASH_COATED_OSMIUM;9992;10;;;;;10008;12;10012;23;;;10000.0;0.0
1;26200;INTARIAN_PEPPER_ROOT;12947;8;;;;;12960;9;12963;22;;;12953.0;0.0
1;26300;ASH_COATED_OSMIUM;9992;24;;;;;10005;12;;;;;10000.0;0.0
1;26300;INTARIAN_PEPPER_ROOT;12946;9;;;;;12959;8;12964;24;;;12952.5;0.0
1;26400;ASH_COATED_OSMIUM;9990;14;9990;26;;;10008;10;10011;29;;;10000.0;0.0
1;26400;INTARIAN_PEPPER_ROOT;12945;11;12939;21;;;12958;8;;;;;12952.5;0.0
1;26500;ASH_COATED_OSMIUM;9991;13;9991;23;;;10009;13;;;;;10000.5;0.0
1;26500;INTARIAN_PEPPER_ROOT;12951;11;;;;;12960;8;12962;23;;;12952.0;0.0
1;26600;ASH_COATED_OSMIUM;9994;13;;;;;10005;11;;;;;10001.5;0.0
1;26600;INTARIAN_PEPPER_ROOT;12946;22;12942;15;;;12958;12;12960;18;;;12952.0;0.0
1;26700;ASH_COATED_OSMIUM;9992;13;9990;29;;;10009;13;10013;21;;;10001.0;0.0
1;26700;INTARIAN_PEPPER_ROOT;12946;10;12944;22;;;12959;12;12962;17;;;12952.0;0.0
1;26800;ASH_COATED_OSMIUM;9993;14;9990;26;;;10010;11;10012;25;;;10000.5;0.0
1;26800;INTARIAN_PEPPER_ROOT;12946;10;;;;;12960;8;12961;15;;;12951.5;0.0
1;26900;ASH_COATED_OSMIUM;9993;15;;;;;10011;13;10011;29;;;10001.0;0.0
1;26900;INTARIAN_PEPPER_ROOT;12946;8;12944;17;;;12958;12;;;;;12951.5;0.0
1;27000;ASH_COATED_OSMIUM;9991;15;9990;22;;;10008;14;10011;30;;;10000.0;0.0
1;27000;INTARIAN_PEPPER_ROOT;12944;12;12942;21;;;12957;17;;;;;12951.5;0.0
1;27100;ASH_COATED_OSMIUM;9990;11;9989;21;;;10010;12;10011;20;;;9999.5;0.0
1;27100;INTARIAN_PEPPER_ROOT;12944;11;;;;;12960;11;;;;;12951.0;0.0
1;27200;ASH_COATED_OSMIUM;9995;14;9989;26;;;10009;25;10011;21;;;9999.5;0.0
1;27200;INTARIAN_PEPPER_ROOT;12943;11;;;;;12958;12;;;;;12951.0;0.0
1;27300;ASH_COATED_OSMIUM;9994;14;9990;20;;;10009;15;10010;30;;;9999.5;0.0
1;27300;INTARIAN_PEPPER_ROOT;12949;11;;;;;12958;12;12961;15;;;12951.0;0.0
1;27400;ASH_COATED_OSMIUM;9990;12;9987;29;;;10007;15;10010;28;;;9999.0;0.0
1;27400;INTARIAN_PEPPER_ROOT;12944;10;12948;15;12937;19;12958;9;12960;23;;;12950.5;0.0
1;27500;ASH_COATED_OSMIUM;9992;15;;;;;10008;15;10011;28;;;9999.5;0.0
1;27500;INTARIAN_PEPPER_ROOT;12943;9;12941;23;;;12958;10;12959;18;;;12950.5;0.0
1;27600;ASH_COATED_OSMIUM;9992;30;9990;20;;;10009;10;;;;;9999.5;0.0
1;27600;INTARIAN_PEPPER_ROOT;12944;11;12942;18;;;12958;9;;;;;12950.0;0.0
1;27700;ASH_COATED_OSMIUM;9992;11;9990;24;;;10008;14;;;;;10000.0;0.0
1;27700;INTARIAN_PEPPER_ROOT;12943;9;12941;17;;;12957;8;12960;22;;;12950.0;0.0
1;27800;ASH_COATED_OSMIUM;9992;10;9989;20;;;10007;15;10012;27;;;10000.0;0.0
1;27800;INTARIAN_PEPPER_ROOT;12945;8;;;;;12957;10;12961;18;;;12950.0;0.0
1;27900;ASH_COATED_OSMIUM;9993;10;9990;22;;;10009;11;10011;23;;;10000.5;0.0
1;27900;INTARIAN_PEPPER_ROOT;12940;10;;;;;12956;11;12961;15;;;12949.5;0.0
1;28000;ASH_COATED_OSMIUM;9992;14;9991;23;;;10009;11;10012;20;;;10001.0;0.0
1;28000;INTARIAN_PEPPER_ROOT;12945;23;12940;24;;;12956;8;;;;;12949.5;0.0
1;28100;ASH_COATED_OSMIUM;9994;13;;;;;10011;2;10012;20;;;10001.5;0.0
1;28100;INTARIAN_PEPPER_ROOT;12942;12;;;;;12955;10;12960;22;;;12949.5;0.0
1;28200;ASH_COATED_OSMIUM;9992;12;;;;;10010;14;10010;26;;;10001.5;0.0
1;28200;INTARIAN_PEPPER_ROOT;12944;12;12940;23;;;12951;10;;;;;12949.0;0.0
1;28300;ASH_COATED_OSMIUM;9992;13;9991;27;;;10010;15;10012;24;;;10001.5;0.0
1;28300;INTARIAN_PEPPER_ROOT;12942;8;;;;;12958;24;12957;22;;;12949.0;0.0
1;28400;ASH_COATED_OSMIUM;9993;12;9989;28;;;10009;14;10011;21;;;10000.5;0.0
1;28400;INTARIAN_PEPPER_ROOT;12942;12;;;;;12957;10;12959;22;;;12948.5;0.0
1;28500;ASH_COATED_OSMIUM;9993;15;9990;21;;;10009;12;10011;28;;;10000.5;0.0
1;28500;INTARIAN_PEPPER_ROOT;12942;3;12939;23;;;12957;10;12958;19;;;12948.5;0.0
1;28600;ASH_COATED_OSMIUM;9993;10;9990;25;;;10009;27;;;;;10001.0;0.0
1;28600;INTARIAN_PEPPER_ROOT;12948;10;;;;;12955;11;12957;15;;;12948.5;0.0
1;28700;ASH_COATED_OSMIUM;9998;13;9989;25;;;10009;30;10011;28;;;10001.0;0.0
1;28700;INTARIAN_PEPPER_ROOT;12942;10;12939;19;;;12954;8;12958;24;;;12948.0;0.0
1;28800;ASH_COATED_OSMIUM;9994;15;9992;22;;;10010;13;10013;20;;;10001.5;0.0
1;28800;INTARIAN_PEPPER_ROOT;12942;10;12937;19;;;12955;9;12957;20;;;12948.0;0.0
1;28900;ASH_COATED_OSMIUM;9996;26;9989;20;;;10009;10;10012;23;;;10001.0;0.0
1;28900;INTARIAN_PEPPER_ROOT;12942;8;12938;17;;;12954;10;12957;17;;;12948.0;0.0
1;29000;ASH_COATED_OSMIUM;9996;12;9991;26;;;10010;12;10013;30;;;10001.5;0.0
1;29000;INTARIAN_PEPPER_ROOT;12940;12;12939;20;;;12956;10;12957;22;;;12947.5;0.0
1;29100;ASH_COATED_OSMIUM;9993;14;;;;;10010;11;10012;22;;;10001.5;0.0
1;29100;INTARIAN_PEPPER_ROOT;12940;12;;;;;12954;20;12958;16;;;12947.5;0.0
1;29200;ASH_COATED_OSMIUM;9994;14;;;;;10010;12;10012;29;;;10001.5;0.0
1;29200;INTARIAN_PEPPER_ROOT;12941;8;12936;11;;;12953;12;;;;;12947.0;0.0
1;29300;ASH_COATED_OSMIUM;9993;12;9990;26;9988;21;10011;11;10012;28;;;10001.0;0.0
1;29300;INTARIAN_PEPPER_ROOT;12939;8;;;;;12953;11;12957;16;;;12947.0;0.0
1;29400;ASH_COATED_OSMIUM;9993;12;;;;;10009;20;10013;26;;;10001.0;0.0
1;29400;INTARIAN_PEPPER_ROOT;12941;11;12940;25;;;12954;8;;;;;12947.0;0.0
1;29500;ASH_COATED_OSMIUM;9993;12;9990;27;;;10009;15;10012;28;;;10000.5;0.0
1;29500;INTARIAN_PEPPER_ROOT;12940;11;;;;;12954;9;12956;18;;;12946.5;0.0
1;29600;ASH_COATED_OSMIUM;9992;15;9991;13;;;10010;13;10012;23;;;10000.5;0.0
1;29600;INTARIAN_PEPPER_ROOT;12941;9;12939;23;;;12954;9;12957;25;;;12946.5;0.0
1;29700;ASH_COATED_OSMIUM;9991;13;9988;30;;;10009;14;10011;23;;;10000.5;0.0
1;29700;INTARIAN_PEPPER_ROOT;12940;24;12938;16;;;12952;11;12956;20;;;12946.0;0.0
1;29800;ASH_COATED_OSMIUM;9992;14;9990;25;;;10009;13;10011;25;;;10001.0;0.0
1;29800;INTARIAN_PEPPER_ROOT;12939;12;12936;23;;;12952;24;12950;19;;;12946.0;0.0
1;29900;ASH_COATED_OSMIUM;9992;15;;;;;10011;14;10014;22;;;10001.5;0.0
1;29900;INTARIAN_PEPPER_ROOT;12940;9;;;;;12952;12;12955;19;;;12946.0;0.0
1;30000;ASH_COATED_OSMIUM;9994;11;9992;22;;;10010;14;10012;20;;;10001.5;0.0
1;30000;INTARIAN_PEPPER_ROOT;12938;12;;;;;12953;8;;;;;12945.5;0.0
1;30100;ASH_COATED_OSMIUM;9993;12;9990;23;;;10010;13;10011;22;;;10001.0;0.0
1;30100;INTARIAN_PEPPER_ROOT;12940;9;;;;;12952;9;12957;21;;;12945.5;0.0
1;30200;ASH_COATED_OSMIUM;9994;13;9992;29;;;10007;15;;;;;10001.5;0.0
1;30200;INTARIAN_PEPPER_ROOT;12940;10;12937;17;;;12954;9;12956;23;;;12945.5;0.0
1;30300;ASH_COATED_OSMIUM;9994;15;9991;25;;;10010;11;10013;23;;;10002.0;0.0
1;30300;INTARIAN_PEPPER_ROOT;12939;10;12936;16;;;12946;8;12954;22;;;12945.0;0.0
1;30400;ASH_COATED_OSMIUM;9994;11;9991;30;;;10011;11;10009;21;;;10001.5;0.0
1;30400;INTARIAN_PEPPER_ROOT;12939;16;;;;;12951;11;12955;25;;;12945.0;0.0
1;30500;ASH_COATED_OSMIUM;9994;10;;;;;10007;10;10012;29;;;10002.0;0.0
1;30500;INTARIAN_PEPPER_ROOT;12939;9;12937;15;;;12952;22;12954;20;;;12944.5;0.0
1;30600;ASH_COATED_OSMIUM;9994;2;9992;24;9989;22;10012;8;10012;30;;;10002.0;0.0
1;30600;INTARIAN_PEPPER_ROOT;12937;9;12936;17;;;12951;12;12955;23;;;12944.5;0.0
1;30700;ASH_COATED_OSMIUM;9994;11;;;;;10010;24;;;;;10002.0;0.0
1;30700;INTARIAN_PEPPER_ROOT;12939;8;12937;19;;;12946;11;;;;;12944.5;0.0
1;30800;ASH_COATED_OSMIUM;9992;10;9990;29;;;10009;11;10012;22;;;10001.0;0.0
1;30800;INTARIAN_PEPPER_ROOT;12938;9;12935;23;;;12951;12;;;;;12944.0;0.0
1;30900;ASH_COATED_OSMIUM;9994;12;9990;22;;;10010;24;;;;;10002.0;0.0
1;30900;INTARIAN_PEPPER_ROOT;12937;12;12933;22;;;12950;9;12954;25;;;12944.0;0.0
1;31000;ASH_COATED_OSMIUM;9994;15;9990;22;;;10010;12;;;;;10001.5;0.0
1;31000;INTARIAN_PEPPER_ROOT;12937;10;12934;15;12930;22;12951;11;12954;15;;;12944.0;0.0
1;31100;ASH_COATED_OSMIUM;9994;11;9991;27;9986;23;10005;11;;;;;10001.5;0.0
1;31100;INTARIAN_PEPPER_ROOT;12937;7;12934;17;;;12949;11;;;;;12943.5;0.0
1;31200;ASH_COATED_OSMIUM;9994;14;9992;22;;;10007;13;10014;27;;;10001.5;0.0
1;31200;INTARIAN_PEPPER_ROOT;12938;9;12933;23;;;12951;11;12952;16;;;12943.5;0.0
1;31300;ASH_COATED_OSMIUM;9993;13;;;;;10010;12;;;;;10001.5;0.0
1;31300;INTARIAN_PEPPER_ROOT;12936;9;12935;24;;;12950;11;12953;19;;;12943.0;0.0
1;31400;ASH_COATED_OSMIUM;9994;11;9990;25;;;10010;7;10014;20;;;10002.0;0.0
1;31400;INTARIAN_PEPPER_ROOT;12937;12;12933;18;;;12949;8;12952;11;;;12943.0;0.0
1;31500;ASH_COATED_OSMIUM;9994;25;9992;20;;;10010;10;10013;25;;;10002.0;0.0
1;31500;INTARIAN_PEPPER_ROOT;12936;9;12933;16;;;12949;8;12951;15;;;12943.0;0.0
1;31600;ASH_COATED_OSMIUM;9994;15;;;;;10010;13;;;;;10001.5;0.0
1;31600;INTARIAN_PEPPER_ROOT;12937;12;12935;16;;;12950;11;;;;;12942.5;0.0
1;31700;ASH_COATED_OSMIUM;9992;10;9990;15;;;10009;14;10012;28;;;10001.0;0.0
1;31700;INTARIAN_PEPPER_ROOT;12936;9;12935;17;;;12948;11;;;;;12942.5;0.0
1;31800;ASH_COATED_OSMIUM;9992;9;9990;29;;;10011;13;10011;26;10017;27;10001.0;0.0
1;31800;INTARIAN_PEPPER_ROOT;12935;12;;;;;12949;20;;;;;12942.0;0.0
1;31900;ASH_COATED_OSMIUM;9992;11;9989;28;;;10009;15;;;;;10001.0;0.0
1;31900;INTARIAN_PEPPER_ROOT;12934;9;12934;25;;;12948;10;;;;;12942.0;0.0
1;32000;ASH_COATED_OSMIUM;9992;11;;;;;10009;12;10012;30;;;10001.0;0.0
1;32000;INTARIAN_PEPPER_ROOT;12934;12;12935;25;;;12949;8;12951;17;;;12942.0;0.0
1;32100;ASH_COATED_OSMIUM;9993;25;;;;;10009;11;;;;;10001.0;0.0
1;32100;INTARIAN_PEPPER_ROOT;12935;21;12933;19;;;12948;11;;;;;12941.5;0.0
1;32200;ASH_COATED_OSMIUM;9992;13;9989;25;;;10010;15;;;;;10000.5;0.0
1;32200;INTARIAN_PEPPER_ROOT;12936;23;12933;16;;;12948;25;12950;23;;;12941.5;0.0
1;32300;ASH_COATED_OSMIUM;9993;14;;;;;10009;12;10011;15;;;10001.0;0.0
1;32300;INTARIAN_PEPPER_ROOT;12935;17;12934;17;;;12949;11;;;;;12941.5;0.0
1;32400;ASH_COATED_OSMIUM;9993;12;;;;;10010;14;10012;27;;;10001.5;0.0
1;32400;INTARIAN_PEPPER_ROOT;12935;10;12932;18;12930;22;12949;8;12950;22;;;12941.0;0.0
1;32500;ASH_COATED_OSMIUM;9993;15;9991;27;;;10010;12;10013;30;;;10002.0;0.0
1;32500;INTARIAN_PEPPER_ROOT;12935;22;12932;25;;;12950;9;12951;17;;;12941.0;0.0
1;32600;ASH_COATED_OSMIUM;9993;14;9991;28;;;10010;23;;;;;10002.0;0.0
1;32600;INTARIAN_PEPPER_ROOT;12935;12;12932;15;;;12947;10;12948;15;;;12940.5;0.0
1;32700;ASH_COATED_OSMIUM;9992;30;9995;30;;;10010;12;10014;24;;;10001.5;0.0
1;32700;INTARIAN_PEPPER_ROOT;12935;8;;;;;12947;12;12949;23;;;12940.5;0.0
1;32800;ASH_COATED_OSMIUM;9994;11;9991;25;;;10010;15;;;;;10002.0;0.0
1;32800;INTARIAN_PEPPER_ROOT;12934;23;;;;;12947;19;12950;23;;;12940.5;0.0
1;32900;ASH_COATED_OSMIUM;9992;15;;;;;10009;11;10012;23;;;10001.0;0.0
1;32900;INTARIAN_PEPPER_ROOT;12932;24;12930;18;;;12946;11;12950;24;;;12940.0;0.0
1;33000;ASH_COATED_OSMIUM;9993;11;9989;25;;;10009;14;10015;21;;;10001.0;0.0
1;33000;INTARIAN_PEPPER_ROOT;12933;10;12931;17;;;12946;24;12949;16;;;12940.0;0.0
1;33100;ASH_COATED_OSMIUM;9997;30;9990;25;;;10009;10;;;;;10001.0;0.0
1;33100;INTARIAN_PEPPER_ROOT;12932;9;12931;15;;;12946;8;12950;19;;;12940.0;0.0
1;33200;ASH_COATED_OSMIUM;9993;26;9990;10;;;10010;15;10011;20;;;10000.5;0.0
1;33200;INTARIAN_PEPPER_ROOT;12936;8;12930;19;;;12946;12;12944;24;;;12939.5;0.0
1;33300;ASH_COATED_OSMIUM;9993;26;9994;26;9986;22;10010;27;;;;;10001.0;0.0
1;33300;INTARIAN_PEPPER_ROOT;12934;10;12930;23;;;12946;11;12950;21;;;12939.5;0.0
1;33400;ASH_COATED_OSMIUM;9993;29;;;;;10009;12;;;;;10000.5;0.0
1;33400;INTARIAN_PEPPER_ROOT;12933;10;12930;15;;;12945;10;12949;17;;;12939.0;0.0
1;33500;ASH_COATED_OSMIUM;9992;26;;;;;10010;13;10012;23;;;10000.5;0.0
1;33500;INTARIAN_PEPPER_ROOT;12933;9;12929;17;;;12945;10;12949;17;;;12939.0;0.0
1;33600;ASH_COATED_OSMIUM;9993;15;;;;;10011;27;10011;22;;;10001.0;0.0
1;33600;INTARIAN_PEPPER_ROOT;12933;8;12930;22;;;12946;9;12947;21;;;12939.0;0.0
1;33700;ASH_COATED_OSMIUM;9997;14;9991;30;;;10009;14;10012;24;;;10001.0;0.0
1;33700;INTARIAN_PEPPER_ROOT;12931;11;;;;;12945;10;12948;23;;;12938.5;0.0
1;33800;ASH_COATED_OSMIUM;9997;25;9992;22;;;10011;10;10012;20;;;10001.5;0.0
1;33800;INTARIAN_PEPPER_ROOT;12938;8;;;;;12940;10;12949;20;;;12938.5;0.0
1;33900;ASH_COATED_OSMIUM;9994;15;;;;;10010;12;10012;21;;;10001.5;0.0
1;33900;INTARIAN_PEPPER_ROOT;12933;12;12927;23;;;12944;10;12946;22;;;12938.5;0.0
1;34000;ASH_COATED_OSMIUM;9994;14;9995;24;;;10011;12;10013;25;;;10002.0;0.0
1;34000;INTARIAN_PEPPER_ROOT;12931;12;;;;;12945;11;12949;24;;;12938.0;0.0
1;34100;ASH_COATED_OSMIUM;9994;10;9991;29;;;10010;10;;;;;10002.0;0.0
1;34100;INTARIAN_PEPPER_ROOT;12932;9;12928;18;;;12945;9;12948;23;;;12938.0;0.0
1;34200;ASH_COATED_OSMIUM;9993;24;9991;22;;;10010;23;10013;27;;;10002.0;0.0
1;34200;INTARIAN_PEPPER_ROOT;12932;11;;;;;12945;11;12946;21;;;12937.5;0.0
1;34300;ASH_COATED_OSMIUM;9993;13;;;;;10007;14;;;;;10001.0;0.0
1;34300;INTARIAN_PEPPER_ROOT;12930;12;12927;15;;;12945;10;;;;;12937.5;0.0
1;34400;ASH_COATED_OSMIUM;9993;14;;;;;10010;10;10012;30;;;10000.5;0.0
1;34400;INTARIAN_PEPPER_ROOT;12929;8;;;;;12946;9;12948;22;;;12937.5;0.0
1;34500;ASH_COATED_OSMIUM;9992;12;9989;23;;;10009;12;10011;29;;;10000.0;0.0
1;34500;INTARIAN_PEPPER_ROOT;12931;11;12927;24;;;12945;10;12946;21;;;12937.0;0.0
1;34600;ASH_COATED_OSMIUM;9991;30;9989;22;;;10010;24;;;;;10000.0;0.0
1;34600;INTARIAN_PEPPER_ROOT;12932;10;12929;17;;;12945;10;12948;20;;;12937.0;0.0
1;34700;ASH_COATED_OSMIUM;9998;12;9990;24;;;10006;13;10012;21;;;10000.5;0.0
1;34700;INTARIAN_PEPPER_ROOT;12931;15;;;;;12943;9;;;;;12936.5;0.0
1;34800;ASH_COATED_OSMIUM;9993;11;9989;24;;;10009;27;10012;28;;;10000.5;0.0
1;34800;INTARIAN_PEPPER_ROOT;12931;9;;;;;12943;8;12946;19;;;12936.5;0.0
1;34900;ASH_COATED_OSMIUM;9991;14;;;;;10009;13;10011;30;;;10000.5;0.0
1;34900;INTARIAN_PEPPER_ROOT;12927;12;12928;19;;;12944;9;;;;;12936.5;0.0
1;35000;ASH_COATED_OSMIUM;9990;14;9990;21;;;10008;10;10011;20;;;10000.0;0.0
1;35000;INTARIAN_PEPPER_ROOT;12931;15;12926;20;;;12943;8;12946;24;;;12936.0;0.0
1;35100;ASH_COATED_OSMIUM;9993;25;9991;22;;;10010;15;;;;;10000.5;0.0
1;35100;INTARIAN_PEPPER_ROOT;12928;11;;;;;12942;22;12946;19;;;12936.0;0.0
1;35200;ASH_COATED_OSMIUM;9992;10;;;;;10010;12;10013;28;;;10000.5;0.0
1;35200;INTARIAN_PEPPER_ROOT;12930;9;12927;22;;;12945;12;12945;16;;;12936.0;0.0
1;35300;ASH_COATED_OSMIUM;9993;13;;;;;10009;10;10008;22;;;10000.5;0.0
1;35300;INTARIAN_PEPPER_ROOT;12932;9;12928;15;;;12942;9;12944;15;;;12935.5;0.0
1;35400;ASH_COATED_OSMIUM;9993;12;9991;24;;;10009;15;;;;;10000.5;0.0
1;35400;INTARIAN_PEPPER_ROOT;12929;21;12927;17;;;12944;8;12945;22;;;12935.5;0.0
1;35500;ASH_COATED_OSMIUM;9991;15;9990;25;;;10008;12;;;;;10000.0;0.0
1;35500;INTARIAN_PEPPER_ROOT;12929;8;12927;23;;;12942;8;12944;16;;;12935.0;0.0
1;35600;ASH_COATED_OSMIUM;9992;10;9989;29;;;10006;14;10011;22;;;10000.0;0.0
1;35600;INTARIAN_PEPPER_ROOT;12927;8;12926;24;;;12944;9;12944;20;;;12935.0;0.0
1;35700;ASH_COATED_OSMIUM;9992;14;9988;23;;;10008;12;10011;29;;;10000.0;0.0
1;35700;INTARIAN_PEPPER_ROOT;12928;9;;;;;12942;12;;;;;12935.0;0.0
1;35800;ASH_COATED_OSMIUM;9996;15;;;;;10009;12;10012;23;;;10000.5;0.0
1;35800;INTARIAN_PEPPER_ROOT;12928;8;12924;19;;;12941;9;12944;23;;;12934.5;0.0
1;35900;ASH_COATED_OSMIUM;9992;23;;;9985;29;10008;15;10010;21;;;10000.0;0.0
1;35900;INTARIAN_PEPPER_ROOT;12928;8;;;;;12942;15;;;;;12934.5;0.0
1;36000;ASH_COATED_OSMIUM;9992;23;9990;30;;;10010;15;10011;23;;;10000.5;0.0
1;36000;INTARIAN_PEPPER_ROOT;12927;12;;;;;12936;3;12943;24;;;12934.0;0.0
1;36100;ASH_COATED_OSMIUM;9991;11;;;;;10008;13;10014;10;;;10000.0;0.0
1;36100;INTARIAN_PEPPER_ROOT;12929;11;12925;17;;;12940;9;12946;17;;;12934.0;0.0
1;36200;ASH_COATED_OSMIUM;9992;13;;;;;10008;11;10010;27;;;10000.0;0.0
1;36200;INTARIAN_PEPPER_ROOT;12926;3;12923;24;;;12941;8;12942;22;;;12934.0;0.0
1;36300;ASH_COATED_OSMIUM;9993;11;;;;;10006;15;10011;24;;;10001.0;0.0
1;36300;INTARIAN_PEPPER_ROOT;12926;9;;;;;12940;8;12943;16;;;12933.5;0.0
1;36400;ASH_COATED_OSMIUM;9994;13;9990;23;;;10010;11;10013;29;;;10002.0;0.0
1;36400;INTARIAN_PEPPER_ROOT;12927;10;12925;15;;;12940;11;12942;23;;;12933.5;0.0
1;36500;ASH_COATED_OSMIUM;9994;11;9991;30;;;10010;12;10013;29;;;10001.5;0.0
1;36500;INTARIAN_PEPPER_ROOT;12926;15;12924;19;;;12940;8;12943;25;;;12933.5;0.0
1;36600;ASH_COATED_OSMIUM;9994;10;;;;;10010;14;;;;;10001.5;0.0
1;36600;INTARIAN_PEPPER_ROOT;12927;11;;;;;12940;11;12938;16;;;12933.0;0.0
1;36700;ASH_COATED_OSMIUM;9992;15;9990;27;;;10009;2;10014;22;;;10001.0;0.0
1;36700;INTARIAN_PEPPER_ROOT;12926;11;12920;18;;;12940;19;12945;25;;;12933.0;0.0
1;36800;ASH_COATED_OSMIUM;9992;12;9994;29;;;10010;15;10013;10;;;10001.5;0.0
1;36800;INTARIAN_PEPPER_ROOT;12926;9;;;;;12941;15;12943;25;;;12932.5;0.0
1;36900;ASH_COATED_OSMIUM;9994;10;;;;;10012;10;;;;;10001.5;0.0
1;36900;INTARIAN_PEPPER_ROOT;12927;17;;;;;12939;23;;;;;12932.5;0.0
1;37000;ASH_COATED_OSMIUM;9994;11;9991;23;;;10010;14;10012;30;;;10001.5;0.0
1;37000;INTARIAN_PEPPER_ROOT;12925;9;12929;19;;;12939;10;;;12946;22;12932.5;0.0
1;37100;ASH_COATED_OSMIUM;9993;15;9990;13;;;10009;26;10012;28;;;10001.0;0.0
1;37100;INTARIAN_PEPPER_ROOT;12927;9;12923;22;;;12940;11;12944;18;;;12932.0;0.0
1;37200;ASH_COATED_OSMIUM;9994;13;9992;27;;;10010;13;10012;28;;;10001.5;0.0
1;37200;INTARIAN_PEPPER_ROOT;12926;8;;;;;12939;18;12941;22;;;12932.0;0.0
1;37300;ASH_COATED_OSMIUM;9992;13;;;;;10011;15;;;;;10001.0;0.0
1;37300;INTARIAN_PEPPER_ROOT;12926;15;;;;;12939;24;;;;;12932.0;0.0
1;37400;ASH_COATED_OSMIUM;9994;13;;;;;10011;30;10013;28;;;10001.5;0.0
1;37400;INTARIAN_PEPPER_ROOT;12925;9;12923;19;;;12937;11;12940;17;;;12931.5;0.0
1;37500;ASH_COATED_OSMIUM;9998;28;9991;23;9986;27;10009;11;;;;;10001.0;0.0
1;37500;INTARIAN_PEPPER_ROOT;12925;15;12924;19;;;12939;10;12940;20;;;12931.5;0.0
1;37600;ASH_COATED_OSMIUM;9993;15;9990;21;;;10009;10;10011;23;;;10001.0;0.0
1;37600;INTARIAN_PEPPER_ROOT;12929;8;12922;23;;;12938;10;12941;22;;;12931.0;0.0
1;37700;ASH_COATED_OSMIUM;9994;10;;;;;10010;26;;;;;10001.5;0.0
1;37700;INTARIAN_PEPPER_ROOT;12924;18;12921;9;;;12939;7;12940;17;;;12931.0;0.0
1;37800;ASH_COATED_OSMIUM;9994;2;9992;27;;;10010;20;10013;22;;;10001.5;0.0
1;37800;INTARIAN_PEPPER_ROOT;12925;11;12923;18;;;12938;10;;;;;12931.0;0.0
1;37900;ASH_COATED_OSMIUM;9994;15;9991;21;;;10010;10;;;;;10002.0;0.0
1;37900;INTARIAN_PEPPER_ROOT;12923;12;12922;22;;;12936;12;12939;23;;;12930.5;0.0
1;38000;ASH_COATED_OSMIUM;9993;10;9992;15;;;10012;21;;;;;10002.0;0.0
1;38000;INTARIAN_PEPPER_ROOT;12924;8;;;;;12939;12;;;;;12930.5;0.0
1;38100;ASH_COATED_OSMIUM;9995;12;9992;23;;;10012;24;10014;20;;;10002.5;0.0
1;38100;INTARIAN_PEPPER_ROOT;12925;21;12922;17;;;12937;22;12940;17;;;12930.0;0.0
1;38200;ASH_COATED_OSMIUM;9994;12;9992;26;;;10012;2;;;;;10002.0;0.0
1;38200;INTARIAN_PEPPER_ROOT;12923;12;12922;16;;;12936;12;12939;22;;;12930.0;0.0
1;38300;ASH_COATED_OSMIUM;9991;15;9991;22;;;10010;2;;;;;10001.5;0.0
1;38300;INTARIAN_PEPPER_ROOT;12924;22;;;;;12936;12;;;;;12930.0;0.0
1;38400;ASH_COATED_OSMIUM;9992;12;9991;25;;;10009;12;10012;21;;;10001.0;0.0
1;38400;INTARIAN_PEPPER_ROOT;12923;7;12920;17;;;12935;10;12943;19;;;12929.5;0.0
1;38500;ASH_COATED_OSMIUM;9992;29;9990;20;;;10009;13;10012;30;;;10001.0;0.0
1;38500;INTARIAN_PEPPER_ROOT;12922;24;12921;18;;;12936;12;;;;;12929.5;0.0
1;38600;ASH_COATED_OSMIUM;9994;13;9992;28;;;10010;12;10012;25;;;10001.5;0.0
1;38600;INTARIAN_PEPPER_ROOT;12924;10;12921;20;;;12935;8;12938;22;;;12929.5;0.0
1;38700;ASH_COATED_OSMIUM;9994;10;9990;24;;;10010;15;;;;;10001.5;0.0
1;38700;INTARIAN_PEPPER_ROOT;12923;12;12921;21;;;12937;11;12939;18;;;12929.0;0.0
1;38800;ASH_COATED_OSMIUM;9992;15;9992;30;;;10010;15;10012;28;;;10001.5;0.0
1;38800;INTARIAN_PEPPER_ROOT;12924;11;;;;;12935;9;12939;25;;;12929.0;0.0
1;38900;ASH_COATED_OSMIUM;9993;15;9992;21;;;10007;15;10014;23;;;10002.0;0.0
1;38900;INTARIAN_PEPPER_ROOT;12920;16;12920;18;;;12937;9;12938;15;;;12929.0;0.0
1;39000;ASH_COATED_OSMIUM;9993;30;9991;24;;;10011;15;;;;;10002.0;0.0
1;39000;INTARIAN_PEPPER_ROOT;12923;8;;;;;12930;12;12939;15;;;12928.5;0.0
1;39100;ASH_COATED_OSMIUM;9994;12;9990;22;;;10011;12;10013;12;;;10001.5;0.0
1;39100;INTARIAN_PEPPER_ROOT;12922;23;12919;15;;;12937;21;12939;15;;;12928.5;0.0
1;39200;ASH_COATED_OSMIUM;9993;11;9992;15;;;10005;30;10012;28;;;10001.5;0.0
1;39200;INTARIAN_PEPPER_ROOT;12922;10;;;;;12932;8;12939;19;;;12928.0;0.0
1;39300;ASH_COATED_OSMIUM;9994;12;9991;22;;;10011;10;10012;25;;;10001.5;0.0
1;39300;INTARIAN_PEPPER_ROOT;12922;9;;;;;12935;25;;;;;12928.0;0.0
1;39400;ASH_COATED_OSMIUM;9994;15;;;;;10010;14;;;;;10001.5;0.0
1;39400;INTARIAN_PEPPER_ROOT;12920;10;12919;24;;;12935;10;12937;18;;;12928.0;0.0
1;39500;ASH_COATED_OSMIUM;9999;10;9992;27;9988;24;10010;10;10012;27;;;10001.5;0.0
1;39500;INTARIAN_PEPPER_ROOT;12921;10;;;;;12934;15;;;;;12927.5;0.0
1;39600;ASH_COATED_OSMIUM;9992;12;9991;20;;;10009;13;10012;24;;;10000.5;0.0
1;39600;INTARIAN_PEPPER_ROOT;12921;8;12919;15;;;12934;7;12937;10;;;12927.5;0.0
1;39700;ASH_COATED_OSMIUM;9993;12;9991;28;;;10010;30;10011;20;;;10000.5;0.0
1;39700;INTARIAN_PEPPER_ROOT;12921;9;12917;21;;;12934;8;12936;23;;;12927.0;0.0
1;39800;ASH_COATED_OSMIUM;9993;11;;;;;10011;10;10012;21;;;10001.5;0.0
1;39800;INTARIAN_PEPPER_ROOT;12921;11;;;;;12933;18;12936;24;;;12927.0;0.0
1;39900;ASH_COATED_OSMIUM;9996;13;9991;30;;;10009;21;;;;;10001.0;0.0
1;39900;INTARIAN_PEPPER_ROOT;12920;8;12916;19;;;12934;12;12940;9;;;12927.0;0.0
1;40000;ASH_COATED_OSMIUM;9992;14;9991;30;;;10009;11;;;;;10001.0;0.0
1;40000;INTARIAN_PEPPER_ROOT;12921;8;;;;;12934;12;12936;8;;;12926.5;0.0
1;40100;ASH_COATED_OSMIUM;9996;12;9992;26;;;10010;12;;;;;10001.5;0.0
1;40100;INTARIAN_PEPPER_ROOT;12919;10;12919;18;;;12928;12;12937;15;;;12926.5;0.0
1;40200;ASH_COATED_OSMIUM;9994;21;9992;26;;;10010;12;10013;24;;;10001.5;0.0
1;40200;INTARIAN_PEPPER_ROOT;12920;24;;;;;12933;12;;;;;12926.5;0.0
1;40300;ASH_COATED_OSMIUM;9992;12;9990;20;;;10009;15;10012;27;;;10001.0;0.0
1;40300;INTARIAN_PEPPER_ROOT;12920;8;;;12914;23;12933;11;;;;;12926.0;0.0
1;40400;ASH_COATED_OSMIUM;9993;14;;;;;10009;15;10014;26;;;10001.0;0.0
1;40400;INTARIAN_PEPPER_ROOT;12919;8;;;;;12935;18;12936;25;;;12926.0;0.0
1;40500;ASH_COATED_OSMIUM;9993;10;9990;24;;;10009;14;;;;;10000.5;0.0
1;40500;INTARIAN_PEPPER_ROOT;12920;10;;;;;12932;11;12931;20;;;12926.0;0.0
1;40600;ASH_COATED_OSMIUM;9993;14;9990;24;;;10009;15;10011;22;;;10000.5;0.0
1;40600;INTARIAN_PEPPER_ROOT;12919;10;12916;18;;;12927;23;;;;;12925.5;0.0
1;40700;ASH_COATED_OSMIUM;9991;10;9990;22;;;10008;13;10011;28;;;10000.0;0.0
1;40700;INTARIAN_PEPPER_ROOT;12919;12;;;;;12932;19;12935;20;;;12925.5;0.0
1;40800;ASH_COATED_OSMIUM;9992;12;9989;23;;;10009;7;10012;24;;;9999.5;0.0
1;40800;INTARIAN_PEPPER_ROOT;12920;10;12916;18;;;12931;11;12932;24;;;12925.0;0.0
1;40900;ASH_COATED_OSMIUM;9990;11;9990;22;;;10008;15;;;;;9999.5;0.0
1;40900;INTARIAN_PEPPER_ROOT;12917;11;12916;21;;;12932;8;12935;19;;;12925.0;0.0
1;41000;ASH_COATED_OSMIUM;9992;10;9991;20;;;10009;13;;;;;10000.5;0.0
1;41000;INTARIAN_PEPPER_ROOT;12919;8;;;;;12931;9;12935;15;;;12925.0;0.0
1;41100;ASH_COATED_OSMIUM;9997;13;9991;21;;;10009;10;;;;;10001.0;0.0
1;41100;INTARIAN_PEPPER_ROOT;12919;10;;;;;12931;20;12933;19;;;12924.5;0.0
1;41200;ASH_COATED_OSMIUM;9992;12;9989;27;;;10008;13;10011;30;;;10000.0;0.0
1;41200;INTARIAN_PEPPER_ROOT;12917;9;12914;25;;;12930;19;;;12935;8;12924.5;0.0
1;41300;ASH_COATED_OSMIUM;9992;21;9989;21;;;10008;13;10008;28;10014;30;10000.0;0.0
1;41300;INTARIAN_PEPPER_ROOT;12919;11;;;;;12930;10;12933;20;;;12924.0;0.0
1;41400;ASH_COATED_OSMIUM;9992;12;9987;21;;;10008;11;;;;;10000.0;0.0
1;41400;INTARIAN_PEPPER_ROOT;12918;18;12916;22;;;12931;23;12934;21;;;12924.0;0.0
1;41500;ASH_COATED_OSMIUM;9992;11;9990;25;;;10008;15;10012;23;;;10000.0;0.0
1;41500;INTARIAN_PEPPER_ROOT;12917;16;;;;;12930;18;;;;;12924.0;0.0
1;41600;ASH_COATED_OSMIUM;9992;29;9989;24;;;10008;14;10011;26;;;9999.5;0.0
1;41600;INTARIAN_PEPPER_ROOT;12917;12;;;;;12932;8;12933;18;;;12923.5;0.0
1;41700;ASH_COATED_OSMIUM;9992;13;9989;22;;;10005;15;;;;;10000.0;0.0
1;41700;INTARIAN_PEPPER_ROOT;12917;24;12914;11;;;12929;9;;;;;12923.5;0.0
1;41800;ASH_COATED_OSMIUM;9998;12;;;;;10008;11;;;;;10000.0;0.0
1;41800;INTARIAN_PEPPER_ROOT;12917;8;12914;20;;;12930;9;;;;;12923.0;0.0
1;41900;ASH_COATED_OSMIUM;9995;13;9988;23;;;10008;12;10010;26;;;10000.0;0.0
1;41900;INTARIAN_PEPPER_ROOT;12917;12;12915;19;;;12930;9;;;;;12923.0;0.0
1;42000;ASH_COATED_OSMIUM;9992;14;9993;30;;;10008;13;;;;;10000.0;0.0
1;42000;INTARIAN_PEPPER_ROOT;12916;10;;;;;12930;9;12933;19;;;12923.0;0.0
1;42100;ASH_COATED_OSMIUM;9992;21;9995;23;;;10008;13;10011;22;;;10000.0;0.0
1;42100;INTARIAN_PEPPER_ROOT;12915;10;12913;16;;;12930;10;;;;;12922.5;0.0
1;42200;ASH_COATED_OSMIUM;9990;10;9989;28;;;10008;13;10011;25;;;9999.5;0.0
1;42200;INTARIAN_PEPPER_ROOT;12916;8;;;;;12929;8;12930;25;;;12922.5;0.0
1;42300;ASH_COATED_OSMIUM;9992;21;;;;;10010;10;;;;;10000.0;0.0
1;42300;INTARIAN_PEPPER_ROOT;12916;12;12912;20;;;12930;12;12927;20;;;12922.5;0.0
1;42400;ASH_COATED_OSMIUM;9992;13;9989;22;;;10008;10;;;;;10000.0;0.0
1;42400;INTARIAN_PEPPER_ROOT;12915;19;;;;;12930;10;;;;;12922.0;0.0
1;42500;ASH_COATED_OSMIUM;9992;13;9990;30;;;10008;10;10010;24;;;9999.5;0.0
1;42500;INTARIAN_PEPPER_ROOT;12915;16;12913;19;;;12930;8;12932;20;;;12922.0;0.0
1;42600;ASH_COATED_OSMIUM;9992;13;9990;25;;;10008;15;10011;30;;;10000.0;0.0
1;42600;INTARIAN_PEPPER_ROOT;12916;8;;;;;12928;16;12931;15;;;12921.5;0.0
1;42700;ASH_COATED_OSMIUM;9991;10;;;;;10009;15;10012;24;;;10000.5;0.0
1;42700;INTARIAN_PEPPER_ROOT;12915;8;;;;;12928;10;12933;25;;;12921.5;0.0
1;42800;ASH_COATED_OSMIUM;9993;11;9990;21;;;10009;11;10011;29;;;10000.5;0.0
1;42800;INTARIAN_PEPPER_ROOT;12915;15;12911;24;;;12929;12;12930;19;;;12921.5;0.0
1;42900;ASH_COATED_OSMIUM;9992;14;;;;;10009;15;;;;;10001.0;0.0
1;42900;INTARIAN_PEPPER_ROOT;12919;25;;;;;12931;12;12930;23;;;12921.0;0.0
1;43000;ASH_COATED_OSMIUM;9998;10;9991;26;;;10009;2;10011;29;;;10000.5;0.0
1;43000;INTARIAN_PEPPER_ROOT;12914;15;12910;22;;;12930;8;12932;18;;;12921.0;0.0
1;43100;ASH_COATED_OSMIUM;9992;12;;;;;10009;26;;;;;10000.5;0.0
1;43100;INTARIAN_PEPPER_ROOT;12914;11;12913;24;;;12931;10;12930;21;;;12921.0;0.0
1;43200;ASH_COATED_OSMIUM;9992;23;9990;22;;;10008;29;10012;21;;;10000.0;0.0
1;43200;INTARIAN_PEPPER_ROOT;12911;11;;;;;12927;10;;;;;12920.5;0.0
1;43300;ASH_COATED_OSMIUM;9993;12;9990;20;;;10009;12;10012;26;;;10000.5;0.0
1;43300;INTARIAN_PEPPER_ROOT;12912;12;12912;24;;;12926;8;12930;19;;;12920.5;0.0
1;43400;ASH_COATED_OSMIUM;9993;10;9991;26;;;10009;15;10012;27;;;10000.5;0.0
1;43400;INTARIAN_PEPPER_ROOT;12913;12;12911;20;;;12926;11;;;12934;19;12920.0;0.0
1;43500;ASH_COATED_OSMIUM;9990;12;9990;23;;;10009;15;10011;24;;;10000.5;0.0
1;43500;INTARIAN_PEPPER_ROOT;12913;11;12909;21;;;12926;9;;;;;12920.0;0.0
1;43600;ASH_COATED_OSMIUM;9992;30;9994;23;;;10010;14;10013;26;;;10000.5;0.0
1;43600;INTARIAN_PEPPER_ROOT;12913;10;12911;25;;;12926;12;;;;;12920.0;0.0
1;43700;ASH_COATED_OSMIUM;9992;11;9989;30;;;10009;14;10010;27;;;10000.0;0.0
1;43700;INTARIAN_PEPPER_ROOT;12912;9;;;;;12927;12;12929;24;;;12919.5;0.0
1;43800;ASH_COATED_OSMIUM;9992;10;;;;;10010;14;;;;;10000.0;0.0
1;43800;INTARIAN_PEPPER_ROOT;12913;12;;;;;12926;11;12928;15;;;12919.5;0.0
1;43900;ASH_COATED_OSMIUM;9993;11;9989;4;;;10009;14;10012;27;;;10000.5;0.0
1;43900;INTARIAN_PEPPER_ROOT;12913;9;12911;25;;;12926;12;;;;;12919.0;0.0
1;44000;ASH_COATED_OSMIUM;9993;26;9990;20;;;10009;28;10012;24;;;10000.5;0.0
1;44000;INTARIAN_PEPPER_ROOT;12911;9;12909;20;;;12926;11;12928;24;;;12919.0;0.0
1;44100;ASH_COATED_OSMIUM;9992;11;9989;29;;;10009;12;10011;30;;;10000.0;0.0
1;44100;INTARIAN_PEPPER_ROOT;12913;12;12910;12;;;12926;25;12929;16;;;12919.0;0.0
1;44200;ASH_COATED_OSMIUM;9992;13;9988;27;;;10009;10;10010;10;;;9999.5;0.0
1;44200;INTARIAN_PEPPER_ROOT;12913;12;12909;25;;;12925;11;12929;20;12933;19;12918.5;0.0
1;44300;ASH_COATED_OSMIUM;9991;12;9988;13;;;10007;15;10010;26;;;9999.0;0.0
1;44300;INTARIAN_PEPPER_ROOT;12912;18;;;;;12925;8;12928;21;;;12918.5;0.0
1;44400;ASH_COATED_OSMIUM;9992;14;9990;22;;;10008;14;10007;28;;;9999.5;0.0
1;44400;INTARIAN_PEPPER_ROOT;12911;9;;;;;12926;8;;;;;12918.5;0.0
1;44500;ASH_COATED_OSMIUM;9992;10;;;;;10008;10;;;;;10000.0;0.0
1;44500;INTARIAN_PEPPER_ROOT;12910;11;12907;17;;;12924;7;12928;25;;;12918.0;0.0
1;44600;ASH_COATED_OSMIUM;9992;12;9989;30;;;10008;25;10011;23;;;9999.5;0.0
1;44600;INTARIAN_PEPPER_ROOT;12917;12;12907;15;;;12921;10;;;;;12918.0;0.0
1;44700;ASH_COATED_OSMIUM;9992;14;9989;26;;;10008;14;;;;;10000.0;0.0
1;44700;INTARIAN_PEPPER_ROOT;12910;8;12908;17;;;12925;8;12928;20;;;12917.5;0.0
1;44800;ASH_COATED_OSMIUM;9995;10;;;;;10008;14;10011;20;;;9999.5;0.0
1;44800;INTARIAN_PEPPER_ROOT;12912;9;;;;;12924;7;;;;;12917.5;0.0
1;44900;ASH_COATED_OSMIUM;9994;10;9989;10;;;10008;15;10011;28;;;9999.5;0.0
1;44900;INTARIAN_PEPPER_ROOT;12911;12;12908;17;;;12924;11;12927;24;;;12917.5;0.0
1;45000;ASH_COATED_OSMIUM;9992;13;;;;;10008;11;;;;;9999.5;0.0
1;45000;INTARIAN_PEPPER_ROOT;12908;8;;;;;12925;12;12927;19;;;12917.0;0.0
1;45100;ASH_COATED_OSMIUM;9991;24;9988;27;;;10007;30;10009;30;;;9999.0;0.0
1;45100;INTARIAN_PEPPER_ROOT;12911;10;12905;22;;;12923;12;;;;;12917.0;0.0
1;45200;ASH_COATED_OSMIUM;9992;13;;;;;10009;15;10011;23;;;9999.5;0.0
1;45200;INTARIAN_PEPPER_ROOT;12909;11;12908;15;;;12923;12;12926;19;;;12916.5;0.0
1;45300;ASH_COATED_OSMIUM;9991;21;9988;26;;;10008;15;10010;27;;;9999.5;0.0
1;45300;INTARIAN_PEPPER_ROOT;12911;11;;;;;12923;4;;;;;12916.5;0.0
1;45400;ASH_COATED_OSMIUM;9997;14;9990;27;;;10008;13;10010;29;;;9999.5;0.0
1;45400;INTARIAN_PEPPER_ROOT;12911;10;;;;;12925;8;;;;;12916.5;0.0
1;45500;ASH_COATED_OSMIUM;9992;15;9989;28;;;10008;26;10010;22;;;9999.5;0.0
1;45500;INTARIAN_PEPPER_ROOT;12910;17;12907;21;;;12922;11;12925;18;;;12916.0;0.0
1;45600;ASH_COATED_OSMIUM;9992;15;9992;14;;;10008;12;10010;15;;;9999.5;0.0
1;45600;INTARIAN_PEPPER_ROOT;12908;9;12907;17;;;12922;11;;;;;12916.0;0.0
1;45700;ASH_COATED_OSMIUM;9991;10;;;;;10008;15;10011;14;;;9999.5;0.0
1;45700;INTARIAN_PEPPER_ROOT;12910;17;;;;;12924;9;12927;16;;;12916.0;0.0
1;45800;ASH_COATED_OSMIUM;9991;26;;;;;10005;23;10011;11;;;9999.0;0.0
1;45800;INTARIAN_PEPPER_ROOT;12908;21;12905;21;;;12923;9;12925;25;;;12915.5;0.0
1;45900;ASH_COATED_OSMIUM;9992;15;9990;30;;;10010;12;10010;30;;;9999.5;0.0
1;45900;INTARIAN_PEPPER_ROOT;12909;12;12907;15;;;12922;11;;;;;12915.5;0.0
1;46000;ASH_COATED_OSMIUM;9990;13;9989;27;;;10007;29;;;;;9999.0;0.0
1;46000;INTARIAN_PEPPER_ROOT;12907;11;;;12903;16;12922;11;;;;;12915.0;0.0
1;46100;ASH_COATED_OSMIUM;9992;14;9987;24;;;10010;12;10012;27;;;10000.0;0.0
1;46100;INTARIAN_PEPPER_ROOT;12908;8;12906;17;;;12922;10;12924;15;;;12915.0;0.0
1;46200;ASH_COATED_OSMIUM;9992;15;;;;;10008;26;10011;28;;;9999.5;0.0
1;46200;INTARIAN_PEPPER_ROOT;12909;9;12904;20;;;12921;20;;;;;12915.0;0.0
1;46300;ASH_COATED_OSMIUM;9991;15;9988;24;;;10007;10;;;;;9998.5;0.0
1;46300;INTARIAN_PEPPER_ROOT;12908;11;;;;;12923;22;12922;24;;;12914.5;0.0
1;46400;ASH_COATED_OSMIUM;9991;5;9988;27;;;10007;29;10010;29;;;9999.0;0.0
1;46400;INTARIAN_PEPPER_ROOT;12908;10;12906;23;;;12921;11;12924;21;;;12914.5;0.0
1;46500;ASH_COATED_OSMIUM;9991;12;9987;28;;;10007;11;10009;21;;;9998.5;0.0
1;46500;INTARIAN_PEPPER_ROOT;12907;16;12906;21;;;12923;10;12924;21;;;12914.5;0.0
1;46600;ASH_COATED_OSMIUM;9991;11;9989;27;;;10007;12;;;;;9998.5;0.0
1;46600;INTARIAN_PEPPER_ROOT;12908;9;12905;20;;;12921;8;12924;25;;;12914.0;0.0
1;46700;ASH_COATED_OSMIUM;9989;12;9989;23;;;10003;27;;;;;9998.5;0.0
1;46700;INTARIAN_PEPPER_ROOT;12908;9;12903;23;;;12922;10;12923;23;;;12914.0;0.0
1;46800;ASH_COATED_OSMIUM;9991;15;;;;;10003;11;10011;30;;;9998.5;0.0
1;46800;INTARIAN_PEPPER_ROOT;12908;10;12904;21;;;12919;9;;;;;12913.5;0.0
1;46900;ASH_COATED_OSMIUM;9991;10;9989;28;;;10008;15;10011;22;;;9998.5;0.0
1;46900;INTARIAN_PEPPER_ROOT;12907;11;12905;23;;;12922;12;12923;24;;;12913.5;0.0
1;47000;ASH_COATED_OSMIUM;9990;15;;;;;10003;15;10010;30;;;9998.0;0.0
1;47000;INTARIAN_PEPPER_ROOT;12907;9;12905;23;;;12920;9;;;;;12913.5;0.0
1;47100;ASH_COATED_OSMIUM;9989;12;9989;28;;;10008;15;10009;20;;;9998.5;0.0
1;47100;INTARIAN_PEPPER_ROOT;12908;11;;;;;12920;9;12923;19;;;12913.0;0.0
1;47200;ASH_COATED_OSMIUM;9991;21;9989;28;;;10009;15;10010;22;;;9999.0;0.0
1;47200;INTARIAN_PEPPER_ROOT;12907;8;;;;;12920;12;12923;20;;;12913.0;0.0
1;47300;ASH_COATED_OSMIUM;9992;15;9989;26;;;10009;14;;;;;9999.5;0.0
1;47300;INTARIAN_PEPPER_ROOT;12907;11;;;;;12919;12;;;;;12913.0;0.0
1;47400;ASH_COATED_OSMIUM;9991;11;9987;27;9986;27;10007;26;10010;22;;;9999.0;0.0
1;47400;INTARIAN_PEPPER_ROOT;12905;8;12903;19;;;12920;10;;;;;12912.5;0.0
1;47500;ASH_COATED_OSMIUM;9992;14;9989;14;;;10008;12;;;;;9999.5;0.0
1;47500;INTARIAN_PEPPER_ROOT;12907;12;;;;;12920;12;12922;16;;;12912.5;0.0
1;47600;ASH_COATED_OSMIUM;9991;14;9990;25;;;10008;14;10011;20;;;9999.5;0.0
1;47600;INTARIAN_PEPPER_ROOT;12907;10;;;;;12918;11;;;;;12912.0;0.0
1;47700;ASH_COATED_OSMIUM;9993;12;;;;;10008;14;;;;;9999.5;0.0
1;47700;INTARIAN_PEPPER_ROOT;12905;10;12902;25;;;12919;17;;;;;12912.0;0.0
1;47800;ASH_COATED_OSMIUM;9990;12;;;;;10008;14;10011;15;;;9999.5;0.0
1;47800;INTARIAN_PEPPER_ROOT;12906;8;12902;24;;;12921;9;;;;;12912.0;0.0
1;47900;ASH_COATED_OSMIUM;9992;11;9990;21;;;10009;14;10010;27;;;9999.5;0.0
1;47900;INTARIAN_PEPPER_ROOT;12903;10;;;;;12918;11;12916;24;;;12911.5;0.0
1;48000;ASH_COATED_OSMIUM;9992;12;;;;;10009;29;10010;22;;;10000.0;0.0
1;48000;INTARIAN_PEPPER_ROOT;12905;9;12902;22;;;12919;11;;;;;12911.5;0.0
1;48100;ASH_COATED_OSMIUM;9992;10;;;;;10010;10;;;;;10000.0;0.0
1;48100;INTARIAN_PEPPER_ROOT;12905;10;;;;;12918;10;;;;;12911.5;0.0
1;48200;ASH_COATED_OSMIUM;9992;13;9989;21;9987;21;10008;11;10012;23;;;10000.0;0.0
1;48200;INTARIAN_PEPPER_ROOT;12905;24;;;;;12918;10;12921;17;;;12911.0;0.0
1;48300;ASH_COATED_OSMIUM;9991;11;;;;;10007;15;10010;27;;;9999.0;0.0
1;48300;INTARIAN_PEPPER_ROOT;12903;18;;;;;12919;10;;;;;12911.0;0.0
1;48400;ASH_COATED_OSMIUM;9991;14;;;;;10007;30;10009;25;;;9998.5;0.0
1;48400;INTARIAN_PEPPER_ROOT;12905;12;;;;;12916;10;12921;23;;;12910.5;0.0
1;48500;ASH_COATED_OSMIUM;9991;11;9988;24;;;10004;15;10010;29;;;9998.5;0.0
1;48500;INTARIAN_PEPPER_ROOT;12904;11;12903;15;;;12917;8;12921;24;;;12910.5;0.0
1;48600;ASH_COATED_OSMIUM;9990;10;;;;;10006;13;;;;;9998.0;0.0
1;48600;INTARIAN_PEPPER_ROOT;12904;11;12902;23;;;12918;11;12920;16;;;12910.5;0.0
1;48700;ASH_COATED_OSMIUM;9990;15;9988;29;;;10008;21;10008;22;;;9997.5;0.0
1;48700;INTARIAN_PEPPER_ROOT;12903;9;12901;17;;;12919;9;12919;20;;;12910.0;0.0
1;48800;ASH_COATED_OSMIUM;9989;10;9987;13;9984;26;10005;11;10008;29;;;9997.0;0.0
1;48800;INTARIAN_PEPPER_ROOT;12903;12;12901;21;;;12916;23;12921;15;;;12910.0;0.0
1;48900;ASH_COATED_OSMIUM;9990;13;9987;23;;;10007;12;;;10015;26;9997.5;0.0
1;48900;INTARIAN_PEPPER_ROOT;12904;12;;;;;12916;25;12920;16;;;12909.5;0.0
1;49000;ASH_COATED_OSMIUM;9988;11;;;;;10007;15;10008;24;;;9997.5;0.0
1;49000;INTARIAN_PEPPER_ROOT;12903;10;12901;17;;;12916;8;12920;21;;;12909.5;0.0
1;49100;ASH_COATED_OSMIUM;9990;29;;;;;10006;12;10009;27;;;9997.5;0.0
1;49100;INTARIAN_PEPPER_ROOT;12902;9;12900;18;;;12916;11;12919;16;;;12909.5;0.0
1;49200;ASH_COATED_OSMIUM;9990;13;9987;27;;;10006;14;10003;29;;;9997.5;0.0
1;49200;INTARIAN_PEPPER_ROOT;12902;12;12900;16;;;12916;11;12919;24;;;12909.0;0.0
1;49300;ASH_COATED_OSMIUM;9989;13;9989;26;;;10008;13;;;;;9998.5;0.0
1;49300;INTARIAN_PEPPER_ROOT;12903;22;;;;;12915;10;12919;25;;;12909.0;0.0
1;49400;ASH_COATED_OSMIUM;9991;21;;;;;10007;28;10010;25;;;9999.0;0.0
1;49400;INTARIAN_PEPPER_ROOT;12903;12;12901;15;;;12917;12;;;;;12909.0;0.0
1;49500;ASH_COATED_OSMIUM;9992;10;9989;25;;;10009;14;10011;27;;;9999.5;0.0
1;49500;INTARIAN_PEPPER_ROOT;12903;7;12898;25;;;12915;23;12918;25;;;12908.5;0.0
1;49600;ASH_COATED_OSMIUM;9993;13;9989;26;;;10009;10;10011;15;;;10000.5;0.0
1;49600;INTARIAN_PEPPER_ROOT;12903;15;12899;16;;;12915;8;12918;25;;;12908.5;0.0
1;49700;ASH_COATED_OSMIUM;9991;20;;;;;10008;14;10013;23;;;10000.5;0.0
1;49700;INTARIAN_PEPPER_ROOT;12903;11;12900;16;;;12915;9;12920;15;;;12908.5;0.0
1;49800;ASH_COATED_OSMIUM;9993;13;9991;12;;;10011;11;10012;10;;;10001.0;0.0
1;49800;INTARIAN_PEPPER_ROOT;12902;8;;;;;12915;10;;;;;12908.0;0.0
1;49900;ASH_COATED_OSMIUM;9993;11;9990;20;;;10010;10;;;;;10000.5;0.0
1;49900;INTARIAN_PEPPER_ROOT;12898;8;12900;18;;;12914;8;12918;19;;;12908.0;0.0
1;50000;ASH_COATED_OSMIUM;9994;10;;;;;10011;11;;;;;10001.5;0.0
1;50000;INTARIAN_PEPPER_ROOT;12902;11;;;;;12912;10;12917;24;;;12907.5;0.0
1;50100;ASH_COATED_OSMIUM;9998;14;9990;24;;;10006;11;10012;22;;;10002.0;0.0
1;50100;INTARIAN_PEPPER_ROOT;12902;10;12898;25;;;12914;12;12917;9;;;12907.5;0.0
1;50200;ASH_COATED_OSMIUM;9992;30;9991;26;;;10007;4;10011;27;;;10001.0;0.0
1;50200;INTARIAN_PEPPER_ROOT;12901;9;12898;21;;;12913;10;12918;24;;;12907.5;0.0
1;50300;ASH_COATED_OSMIUM;9993;29;9990;24;;;10009;11;10016;28;;;10000.5;0.0
1;50300;INTARIAN_PEPPER_ROOT;12898;9;12899;20;;;12909;10;12916;25;;;12907.0;0.0
1;50400;ASH_COATED_OSMIUM;9994;11;;;;;10009;29;10012;20;;;10000.5;0.0
1;50400;INTARIAN_PEPPER_ROOT;12899;17;12899;25;;;12914;12;12916;17;;;12907.0;0.0
1;50500;ASH_COATED_OSMIUM;9993;10;9989;26;;;10009;11;10012;28;;;10000.5;0.0
1;50500;INTARIAN_PEPPER_ROOT;12900;11;;;;;12912;11;;;;;12906.5;0.0
1;50600;ASH_COATED_OSMIUM;9991;13;;;;;10011;11;10013;27;;;10001.5;0.0
1;50600;INTARIAN_PEPPER_ROOT;12901;10;12898;25;;;12915;10;12914;17;;;12906.5;0.0
1;50700;ASH_COATED_OSMIUM;9994;11;9992;26;;;10010;15;10013;20;;;10001.5;0.0
1;50700;INTARIAN_PEPPER_ROOT;12901;20;12897;25;;;12914;9;12916;19;;;12906.5;0.0
1;50800;ASH_COATED_OSMIUM;9994;14;9992;24;;;10010;14;10013;24;10018;27;10002.0;0.0
1;50800;INTARIAN_PEPPER_ROOT;12900;11;12895;20;;;12912;10;;;;;12906.0;0.0
1;50900;ASH_COATED_OSMIUM;9993;10;9992;30;;;10010;11;10012;27;;;10002.0;0.0
1;50900;INTARIAN_PEPPER_ROOT;12900;10;12897;19;;;12912;10;12917;24;;;12906.0;0.0
1;51000;ASH_COATED_OSMIUM;9994;10;9991;23;;;10011;13;;;;;10001.5;0.0
1;51000;INTARIAN_PEPPER_ROOT;12900;10;12897;18;;;12912;11;12916;23;;;12906.0;0.0
1;51100;ASH_COATED_OSMIUM;9993;12;9990;30;;;10007;21;10015;28;;;10002.0;0.0
1;51100;INTARIAN_PEPPER_ROOT;12899;10;12896;22;;;12912;11;;;;;12905.5;0.0
1;51200;ASH_COATED_OSMIUM;9993;12;9992;23;;;10010;11;10012;27;;;10001.5;0.0
1;51200;INTARIAN_PEPPER_ROOT;12900;9;12897;21;;;12912;21;12917;17;;;12905.5;0.0
1;51300;ASH_COATED_OSMIUM;9993;26;9990;21;;;10009;11;10012;26;;;10001.0;0.0
1;51300;INTARIAN_PEPPER_ROOT;12899;9;12895;17;;;12912;20;12910;24;;;12905.0;0.0
1;51400;ASH_COATED_OSMIUM;9993;21;9990;11;;;10009;12;10013;21;;;10001.0;0.0
1;51400;INTARIAN_PEPPER_ROOT;12899;8;12894;11;;;12912;10;12914;17;;;12905.0;0.0
1;51500;ASH_COATED_OSMIUM;9993;28;9990;28;;;10010;15;10011;20;;;10001.0;0.0
1;51500;INTARIAN_PEPPER_ROOT;12897;18;12896;23;;;12912;11;12915;23;;;12905.0;0.0
1;51600;ASH_COATED_OSMIUM;9994;12;9992;26;;;10010;14;10015;22;;;10001.5;0.0
1;51600;INTARIAN_PEPPER_ROOT;12899;10;;;;;12907;8;;;;;12904.5;0.0
1;51700;ASH_COATED_OSMIUM;9994;29;9990;26;;;10010;10;10013;26;;;10001.5;0.0
1;51700;INTARIAN_PEPPER_ROOT;12897;10;12895;19;;;12910;22;;;;;12904.5;0.0
1;51800;ASH_COATED_OSMIUM;9994;20;9992;20;;;10010;15;10012;26;;;10001.5;0.0
1;51800;INTARIAN_PEPPER_ROOT;12898;12;12894;20;;;12910;8;;;;;12904.0;0.0
1;51900;ASH_COATED_OSMIUM;9994;12;;;;;10010;14;;;;;10002.0;0.0
1;51900;INTARIAN_PEPPER_ROOT;12903;10;;;;;12911;16;12914;22;;;12904.0;0.0
1;52000;ASH_COATED_OSMIUM;9994;10;;;;;10010;14;10012;24;;;10001.5;0.0
1;52000;INTARIAN_PEPPER_ROOT;12899;10;;;;;12911;20;;;;;12904.0;0.0
1;52100;ASH_COATED_OSMIUM;9992;12;9991;29;;;10010;14;10012;28;;;10001.5;0.0
1;52100;INTARIAN_PEPPER_ROOT;12897;11;12893;21;;;12909;10;12916;23;;;12903.5;0.0
1;52200;ASH_COATED_OSMIUM;9992;10;;;;;10011;25;10012;25;;;10001.0;0.0
1;52200;INTARIAN_PEPPER_ROOT;12896;9;12894;15;;;12910;10;;;;;12903.5;0.0
1;52300;ASH_COATED_OSMIUM;9993;10;9991;20;;;10009;14;10011;29;;;10001.0;0.0
1;52300;INTARIAN_PEPPER_ROOT;12897;10;12895;17;;;12910;9;;;;;12903.5;0.0
1;52400;ASH_COATED_OSMIUM;9993;13;9990;24;;;10009;14;10011;27;;;10001.0;0.0
1;52400;INTARIAN_PEPPER_ROOT;12898;9;12894;19;;;12909;9;12912;20;;;12903.0;0.0
1;52500;ASH_COATED_OSMIUM;9994;15;9991;24;;;10012;4;;;;;10001.5;0.0
1;52500;INTARIAN_PEPPER_ROOT;12898;10;;;;;12912;12;12913;16;;;12903.0;0.0
1;52600;ASH_COATED_OSMIUM;9994;14;;;;;10011;20;10014;30;;;10001.5;0.0
1;52600;INTARIAN_PEPPER_ROOT;12896;12;;;;;12911;17;12912;25;;;12902.5;0.0
1;52700;ASH_COATED_OSMIUM;9993;11;9991;26;;;10006;10;10011;28;;;10001.0;0.0
1;52700;INTARIAN_PEPPER_ROOT;12895;10;;;;;12909;17;12913;16;;;12902.5;0.0
1;52800;ASH_COATED_OSMIUM;9993;11;;;;;10010;13;;;;;10000.5;0.0
1;52800;INTARIAN_PEPPER_ROOT;12896;17;12893;16;;;12909;10;;;;;12902.5;0.0
1;52900;ASH_COATED_OSMIUM;9993;30;9991;21;;;10009;11;;;;;10001.0;0.0
1;52900;INTARIAN_PEPPER_ROOT;12896;10;;;;;12910;12;12910;24;;;12902.0;0.0
1;53000;ASH_COATED_OSMIUM;9993;11;;;;;10010;13;10013;29;;;10001.5;0.0
1;53000;INTARIAN_PEPPER_ROOT;12895;9;12893;18;;;12908;18;;;;;12902.0;0.0
1;53100;ASH_COATED_OSMIUM;9992;14;9991;27;;;10011;10;;;;;10001.5;0.0
1;53100;INTARIAN_PEPPER_ROOT;12894;12;;;;;12907;10;;;;;12901.5;0.0
1;53200;ASH_COATED_OSMIUM;9995;23;9992;25;;;10011;11;10013;26;;;10002.5;0.0
1;53200;INTARIAN_PEPPER_ROOT;12895;11;;;;;12909;12;12912;23;;;12901.5;0.0
1;53300;ASH_COATED_OSMIUM;9994;11;9991;21;;;10010;10;10013;20;;;10002.0;0.0
1;53300;INTARIAN_PEPPER_ROOT;12895;12;;;;;12909;12;12910;25;;;12901.5;0.0
1;53400;ASH_COATED_OSMIUM;9994;3;;;;;10010;15;;;;;10002.0;0.0
1;53400;INTARIAN_PEPPER_ROOT;12895;9;12892;23;;;12907;9;12910;21;;;12901.0;0.0
1;53500;ASH_COATED_OSMIUM;9995;10;9991;27;;;10009;14;;;;;10003.0;0.0
1;53500;INTARIAN_PEPPER_ROOT;12895;8;;;;;12908;23;;;;;12901.0;0.0
1;53600;ASH_COATED_OSMIUM;9994;10;9993;29;;;10011;10;10013;24;;;10002.5;0.0
1;53600;INTARIAN_PEPPER_ROOT;12894;9;12892;21;;;12908;11;12910;20;;;12901.0;0.0
1;53700;ASH_COATED_OSMIUM;9994;15;9992;28;;;10012;14;10012;12;;;10002.0;0.0
1;53700;INTARIAN_PEPPER_ROOT;12898;12;12892;25;;;12907;11;12912;19;;;12900.5;0.0
1;53800;ASH_COATED_OSMIUM;9995;12;9991;28;;;10010;12;10012;23;;;10001.5;0.0
1;53800;INTARIAN_PEPPER_ROOT;12893;8;;;;;12906;12;12910;19;;;12900.5;0.0
1;53900;ASH_COATED_OSMIUM;9994;10;;;;;10010;28;10012;12;;;10001.5;0.0
1;53900;INTARIAN_PEPPER_ROOT;12895;10;12892;21;;;12908;9;12910;18;;;12900.0;0.0
1;54000;ASH_COATED_OSMIUM;9993;12;9991;21;;;10009;15;;;;;10000.5;0.0
1;54000;INTARIAN_PEPPER_ROOT;12894;9;12892;17;;;12907;11;12909;25;;;12900.0;0.0
1;54100;ASH_COATED_OSMIUM;9993;26;9989;30;;;10009;10;10012;27;;;10000.5;0.0
1;54100;INTARIAN_PEPPER_ROOT;12894;10;12892;23;;;12907;10;12911;16;;;12900.0;0.0
1;54200;ASH_COATED_OSMIUM;9993;10;9991;22;;;10009;11;10011;23;;;10000.5;0.0
1;54200;INTARIAN_PEPPER_ROOT;12890;8;12890;25;;;12906;12;12909;16;;;12899.5;0.0
1;54300;ASH_COATED_OSMIUM;9993;14;9991;23;;;10009;11;10012;29;;;10001.0;0.0
1;54300;INTARIAN_PEPPER_ROOT;12893;12;12892;20;;;12907;12;12909;18;12912;19;12899.5;0.0
1;54400;ASH_COATED_OSMIUM;9993;11;9990;22;;;10009;12;;;;;10001.0;0.0
1;54400;INTARIAN_PEPPER_ROOT;12894;11;12890;22;;;12907;12;12908;19;;;12899.5;0.0
1;54500;ASH_COATED_OSMIUM;9993;15;9990;30;;;10009;12;;;;;10001.0;0.0
1;54500;INTARIAN_PEPPER_ROOT;12895;23;;;;;12906;8;12908;25;;;12899.0;0.0
1;54600;ASH_COATED_OSMIUM;9994;13;9992;10;;;10011;10;10013;23;;;10001.5;0.0
1;54600;INTARIAN_PEPPER_ROOT;12892;16;12890;18;;;12905;12;12910;22;;;12899.0;0.0
1;54700;ASH_COATED_OSMIUM;9993;15;9991;28;;;10009;24;;;;;10001.0;0.0
1;54700;INTARIAN_PEPPER_ROOT;12892;9;12889;11;;;12900;10;12908;11;;;12898.5;0.0
1;54800;ASH_COATED_OSMIUM;9993;12;9990;20;;;10009;12;10013;20;;;10000.5;0.0
1;54800;INTARIAN_PEPPER_ROOT;12890;12;12890;25;;;12904;12;12906;25;;;12898.5;0.0
1;54900;ASH_COATED_OSMIUM;9992;2;9993;28;;;10009;11;10011;27;;;10000.5;0.0
1;54900;INTARIAN_PEPPER_ROOT;12897;8;;;;;12906;15;12909;25;;;12898.5;0.0
1;55000;ASH_COATED_OSMIUM;9997;13;;;;;10007;14;10011;25;;;10000.0;0.0
1;55000;INTARIAN_PEPPER_ROOT;12892;11;;;;;12905;8;12908;25;;;12898.0;0.0
1;55100;ASH_COATED_OSMIUM;9991;22;9989;22;;;10005;15;10013;22;;;10000.5;0.0
1;55100;INTARIAN_PEPPER_ROOT;12891;11;12890;17;;;12904;10;12907;23;;;12898.0;0.0
1;55200;ASH_COATED_OSMIUM;9993;11;;;;;10009;11;10012;20;;;10000.5;0.0
1;55200;INTARIAN_PEPPER_ROOT;12891;8;12887;23;;;12902;8;12909;24;;;12897.5;0.0
1;55300;ASH_COATED_OSMIUM;9992;28;9989;22;;;10008;10;10010;24;;;9999.5;0.0
1;55300;INTARIAN_PEPPER_ROOT;12891;11;12888;24;;;12906;11;12907;15;;;12897.5;0.0
1;55400;ASH_COATED_OSMIUM;9992;29;;;;;10009;15;10010;30;;;9999.5;0.0
1;55400;INTARIAN_PEPPER_ROOT;12892;8;12888;20;;;12904;11;12908;18;;;12897.5;0.0
1;55500;ASH_COATED_OSMIUM;9991;10;9989;23;;;10009;14;10011;30;;;9999.5;0.0
1;55500;INTARIAN_PEPPER_ROOT;12891;9;12889;25;;;12903;9;12907;25;;;12897.0;0.0
1;55600;ASH_COATED_OSMIUM;9992;22;9987;28;;;10010;14;10012;20;;;10000.0;0.0
1;55600;INTARIAN_PEPPER_ROOT;12891;10;12889;17;;;12906;8;12906;21;;;12897.0;0.0
1;55700;ASH_COATED_OSMIUM;9992;10;9989;26;;;10008;12;10011;21;;;9999.5;0.0
1;55700;INTARIAN_PEPPER_ROOT;12891;11;;;;;12903;12;12906;25;;;12896.5;0.0
1;55800;ASH_COATED_OSMIUM;9992;12;9988;30;;;10009;11;10010;20;;;9999.5;0.0
1;55800;INTARIAN_PEPPER_ROOT;12891;22;12888;18;;;12905;8;12907;16;;;12896.5;0.0
1;55900;ASH_COATED_OSMIUM;9991;15;;;;;10007;27;10010;26;10013;26;9999.0;0.0
1;55900;INTARIAN_PEPPER_ROOT;12889;9;;;;;12905;19;12906;21;;;12896.5;0.0
1;56000;ASH_COATED_OSMIUM;9991;13;;;;;10007;15;;;;;9999.0;0.0
1;56000;INTARIAN_PEPPER_ROOT;12891;11;12888;17;;;12905;11;;;;;12896.0;0.0
1;56100;ASH_COATED_OSMIUM;9994;12;;;;;10009;3;10010;20;;;9999.0;0.0
1;56100;INTARIAN_PEPPER_ROOT;12890;11;;;;;12902;12;12906;24;;;12896.0;0.0
1;56200;ASH_COATED_OSMIUM;9992;12;9990;24;;;10003;12;10010;24;;;9999.5;0.0
1;56200;INTARIAN_PEPPER_ROOT;12890;12;12887;22;;;12902;12;12905;15;;;12896.0;0.0
1;56300;ASH_COATED_OSMIUM;9992;11;9989;23;;;10008;12;10011;23;;;10000.0;0.0
1;56300;INTARIAN_PEPPER_ROOT;12889;9;12887;19;;;12903;11;;;;;12895.5;0.0
1;56400;ASH_COATED_OSMIUM;9992;28;9990;26;;;10009;15;10012;23;;;10000.0;0.0
1;56400;INTARIAN_PEPPER_ROOT;12888;17;12885;25;;;12902;16;;;;;12895.5;0.0
1;56500;ASH_COATED_OSMIUM;9996;14;9989;23;;;10010;15;;;;;10000.0;0.0
1;56500;INTARIAN_PEPPER_ROOT;12888;10;;;;;12901;9;12905;18;;;12895.0;0.0
1;56600;ASH_COATED_OSMIUM;9991;15;9989;24;;;10009;12;10011;22;;;10000.5;0.0
1;56600;INTARIAN_PEPPER_ROOT;12889;8;;;;;12901;16;;;;;12895.0;0.0
1;56700;ASH_COATED_OSMIUM;9993;21;;;9987;26;10009;2;10008;23;;;10000.5;0.0
1;56700;INTARIAN_PEPPER_ROOT;12889;8;;;;;12902;12;12905;25;;;12895.0;0.0
1;56800;ASH_COATED_OSMIUM;9993;14;;;;;10009;11;;;;;10000.5;0.0
1;56800;INTARIAN_PEPPER_ROOT;12889;12;12884;22;;;12901;12;12904;20;;;12894.5;0.0
1;56900;ASH_COATED_OSMIUM;9993;15;9990;20;;;10010;14;10012;28;;;10000.5;0.0
1;56900;INTARIAN_PEPPER_ROOT;12887;10;12885;25;;;12901;12;12905;18;;;12894.5;0.0
1;57000;ASH_COATED_OSMIUM;9991;5;9990;26;;;10011;11;;;;;10001.0;0.0
1;57000;INTARIAN_PEPPER_ROOT;12886;9;;;;;12900;11;12906;17;;;12894.5;0.0
1;57100;ASH_COATED_OSMIUM;9992;22;9989;29;;;10008;14;10010;30;;;10000.0;0.0
1;57100;INTARIAN_PEPPER_ROOT;12887;10;;;;;12900;11;12903;25;;;12894.0;0.0
1;57200;ASH_COATED_OSMIUM;9991;11;;;;;10009;15;10013;10;;;10000.5;0.0
1;57200;INTARIAN_PEPPER_ROOT;12888;12;;;;;12901;9;12904;25;;;12894.0;0.0
1;57300;ASH_COATED_OSMIUM;9992;11;;;;;10010;14;10010;23;;;10000.0;0.0
1;57300;INTARIAN_PEPPER_ROOT;12887;9;12886;24;;;12900;22;12903;23;;;12893.5;0.0
1;57400;ASH_COATED_OSMIUM;9992;10;9990;20;;;10003;14;10011;29;;;10000.0;0.0
1;57400;INTARIAN_PEPPER_ROOT;12887;8;12884;9;;;12899;9;12902;20;;;12893.5;0.0
1;57500;ASH_COATED_OSMIUM;9993;29;9989;24;;;10009;12;10011;28;;;10000.5;0.0
1;57500;INTARIAN_PEPPER_ROOT;12888;25;;;;;12900;16;;;;;12893.5;0.0
1;57600;ASH_COATED_OSMIUM;9997;15;;;;;10008;20;;;;;10000.0;0.0
1;57600;INTARIAN_PEPPER_ROOT;12885;12;12884;15;;;12901;9;12902;20;;;12893.0;0.0
1;57700;ASH_COATED_OSMIUM;9992;13;;;;;10008;8;;;10016;21;10000.0;0.0
1;57700;INTARIAN_PEPPER_ROOT;12887;11;12884;23;;;12900;24;12902;18;;;12893.0;0.0
1;57800;ASH_COATED_OSMIUM;9992;12;9993;26;;;10009;13;10010;21;;;9999.5;0.0
1;57800;INTARIAN_PEPPER_ROOT;12886;9;12882;16;;;12900;8;12904;17;;;12893.0;0.0
1;57900;ASH_COATED_OSMIUM;9992;12;;;;;10009;13;;;;;10001.0;0.0
1;57900;INTARIAN_PEPPER_ROOT;12886;12;12883;18;;;12901;8;12901;17;;;12892.5;0.0
1;58000;ASH_COATED_OSMIUM;9994;24;9991;28;;;10011;12;10012;26;;;10001.5;0.0
1;58000;INTARIAN_PEPPER_ROOT;12887;8;12888;17;;;12899;8;;;;;12892.5;0.0
1;58100;ASH_COATED_OSMIUM;9992;15;;;;;10010;23;10014;29;;;10001.5;0.0
1;58100;INTARIAN_PEPPER_ROOT;12886;8;;;;;12901;10;;;;;12892.0;0.0
1;58200;ASH_COATED_OSMIUM;9993;13;;;;;10009;13;;;;;10001.0;0.0
1;58200;INTARIAN_PEPPER_ROOT;12885;11;12882;25;;;12898;11;12902;24;;;12892.0;0.0
1;58300;ASH_COATED_OSMIUM;9994;26;9992;27;;;10010;24;10012;22;;;10001.5;0.0
1;58300;INTARIAN_PEPPER_ROOT;12884;12;;;;;12899;11;12902;25;;;12892.0;0.0
1;58400;ASH_COATED_OSMIUM;9993;14;;;;;10010;12;10012;23;;;10001.0;0.0
1;58400;INTARIAN_PEPPER_ROOT;12886;8;12882;17;;;12900;9;12900;21;;;12891.5;0.0
1;58500;ASH_COATED_OSMIUM;9992;12;9990;22;;;10006;13;;;;;10001.0;0.0
1;58500;INTARIAN_PEPPER_ROOT;12885;8;12884;23;;;12898;12;12901;20;;;12891.5;0.0
1;58600;ASH_COATED_OSMIUM;9993;11;9989;21;;;10009;10;10011;30;;;10000.5;0.0
1;58600;INTARIAN_PEPPER_ROOT;12884;8;12883;21;;;12897;8;12901;15;;;12891.0;0.0
1;58700;ASH_COATED_OSMIUM;9993;15;9991;22;;;10009;26;;;;;10001.0;0.0
1;58700;INTARIAN_PEPPER_ROOT;12888;11;12882;16;;;12897;8;;;;;12891.0;0.0
1;58800;ASH_COATED_OSMIUM;9996;21;9991;21;;;10011;14;10012;22;;;10001.0;0.0
1;58800;INTARIAN_PEPPER_ROOT;12885;8;12882;22;;;12898;12;;;;;12891.0;0.0
1;58900;ASH_COATED_OSMIUM;9992;13;9991;24;;;10010;22;10013;30;;;10001.0;0.0
1;58900;INTARIAN_PEPPER_ROOT;12885;11;12882;20;;;12898;12;;;;;12890.5;0.0
1;59000;ASH_COATED_OSMIUM;9997;15;9989;30;;;10008;14;10014;26;;;10000.0;0.0
1;59000;INTARIAN_PEPPER_ROOT;12889;9;12881;25;;;12897;20;;;;;12890.5;0.0
1;59100;ASH_COATED_OSMIUM;9991;15;9987;20;;;10008;25;;;;;9999.5;0.0
1;59100;INTARIAN_PEPPER_ROOT;12884;11;;;;;12898;21;12900;21;;;12890.0;0.0
1;59200;ASH_COATED_OSMIUM;9992;14;9989;25;;;10010;10;;;;;10000.0;0.0
1;59200;INTARIAN_PEPPER_ROOT;12884;8;;;;;12896;12;;;;;12890.0;0.0
1;59300;ASH_COATED_OSMIUM;9996;15;;;;;10011;12;;;;;10000.0;0.0
1;59300;INTARIAN_PEPPER_ROOT;12885;9;;;;;12899;11;;;;;12890.0;0.0
1;59400;ASH_COATED_OSMIUM;9992;13;9988;24;;;10008;14;;;;;10000.0;0.0
1;59400;INTARIAN_PEPPER_ROOT;12883;11;;;;;12897;12;;;;;12889.5;0.0
1;59500;ASH_COATED_OSMIUM;9992;2;9990;26;;;10009;15;10008;24;;;10000.5;0.0
1;59500;INTARIAN_PEPPER_ROOT;12883;19;12880;23;;;12896;9;12900;8;;;12889.5;0.0
1;59600;ASH_COATED_OSMIUM;9993;12;;;;;10006;13;10011;28;;;10000.5;0.0
1;59600;INTARIAN_PEPPER_ROOT;12883;8;12879;17;;;12895;17;;;;;12889.5;0.0
1;59700;ASH_COATED_OSMIUM;9992;23;9989;14;;;10008;4;10011;27;;;10000.0;0.0
1;59700;INTARIAN_PEPPER_ROOT;12883;9;12880;21;;;12895;11;12899;21;;;12889.0;0.0
1;59800;ASH_COATED_OSMIUM;9996;13;9990;14;;;10009;15;;;;;10000.5;0.0
1;59800;INTARIAN_PEPPER_ROOT;12888;10;12878;20;;;12895;9;12897;24;;;12889.0;0.0
1;59900;ASH_COATED_OSMIUM;9991;15;9991;21;;;10010;11;10012;12;;;10000.5;0.0
1;59900;INTARIAN_PEPPER_ROOT;12883;9;12880;16;;;12896;24;12898;18;;;12888.5;0.0
1;60000;ASH_COATED_OSMIUM;9993;22;;;;;10004;11;;;;;10001.0;0.0
1;60000;INTARIAN_PEPPER_ROOT;12883;20;;;;;12897;11;12899;23;;;12888.5;0.0
1;60100;ASH_COATED_OSMIUM;9991;22;;;;;10010;13;;;;;10000.0;0.0
1;60100;INTARIAN_PEPPER_ROOT;12882;8;;;;;12890;21;;;;;12888.5;0.0
1;60200;ASH_COATED_OSMIUM;9993;14;9990;21;;;10009;11;10011;30;;;10000.5;0.0
1;60200;INTARIAN_PEPPER_ROOT;12880;11;12880;23;;;12894;8;12896;22;;;12888.0;0.0
1;60300;ASH_COATED_OSMIUM;9993;20;;;;;10010;11;;;;;10000.5;0.0
1;60300;INTARIAN_PEPPER_ROOT;12881;11;12880;17;;;12895;12;12898;20;;;12888.0;0.0
1;60400;ASH_COATED_OSMIUM;9991;12;9991;23;;;10009;13;10011;26;10014;20;10000.5;0.0
1;60400;INTARIAN_PEPPER_ROOT;12879;12;12877;16;;;12896;8;12897;17;;;12887.5;0.0
1;60500;ASH_COATED_OSMIUM;9991;12;;;;;10009;13;;;;;10000.0;0.0
1;60500;INTARIAN_PEPPER_ROOT;12881;24;12885;15;;;12894;22;12897;24;;;12887.5;0.0
1;60600;ASH_COATED_OSMIUM;9992;14;9990;27;;;10009;11;10010;28;;;10000.0;0.0
1;60600;INTARIAN_PEPPER_ROOT;12881;24;12878;20;;;12894;8;;;;;12887.5;0.0
1;60700;ASH_COATED_OSMIUM;9991;12;9990;26;;;10008;11;10011;21;;;10000.0;0.0
1;60700;INTARIAN_PEPPER_ROOT;12879;12;;;;;12893;12;12897;24;;;12887.0;0.0
1;60800;ASH_COATED_OSMIUM;9993;27;9990;29;;;10011;25;10012;26;;;10000.5;0.0
1;60800;INTARIAN_PEPPER_ROOT;12881;10;12878;25;;;12893;12;12895;25;;;12887.0;0.0
1;60900;ASH_COATED_OSMIUM;9995;14;9989;27;;;10008;11;10012;29;;;10000.0;0.0
1;60900;INTARIAN_PEPPER_ROOT;12881;23;12878;19;;;12894;11;;;;;12887.0;0.0
1;61000;ASH_COATED_OSMIUM;9993;11;9990;26;;;10010;10;;;;;10000.5;0.0
1;61000;INTARIAN_PEPPER_ROOT;12880;12;12878;22;;;12893;11;;;;;12886.5;0.0
1;61100;ASH_COATED_OSMIUM;9991;29;9991;22;;;10010;4;10012;29;10014;28;10000.5;0.0
1;61100;INTARIAN_PEPPER_ROOT;12881;12;12878;18;;;12895;12;12894;17;;;12886.5;0.0
1;61200;ASH_COATED_OSMIUM;9991;11;;;;;10003;12;;;;;10000.0;0.0
1;61200;INTARIAN_PEPPER_ROOT;12879;9;12878;17;;;12896;12;12896;18;;;12886.0;0.0
1;61300;ASH_COATED_OSMIUM;9992;10;9989;30;;;10008;14;;;;;10000.0;0.0
1;61300;INTARIAN_PEPPER_ROOT;12878;10;12877;21;;;12892;8;;;;;12886.0;0.0
1;61400;ASH_COATED_OSMIUM;9991;20;;;;;10010;12;10010;25;;;10000.0;0.0
1;61400;INTARIAN_PEPPER_ROOT;12880;10;12877;20;;;12894;11;12896;23;;;12886.0;0.0
1;61500;ASH_COATED_OSMIUM;9991;13;;;;;10009;4;10011;26;;;10000.5;0.0
1;61500;INTARIAN_PEPPER_ROOT;12878;10;;;;;12894;11;;;;;12885.5;0.0
1;61600;ASH_COATED_OSMIUM;9992;29;;;;;10008;12;;;;;10000.0;0.0
1;61600;INTARIAN_PEPPER_ROOT;12879;9;12876;15;;;12892;23;;;;;12885.5;0.0
1;61700;ASH_COATED_OSMIUM;9991;12;9989;26;;;10009;12;10010;26;;;10000.0;0.0
1;61700;INTARIAN_PEPPER_ROOT;12879;10;12876;25;;;12892;12;12896;23;;;12885.5;0.0
1;61800;ASH_COATED_OSMIUM;9992;10;9989;26;;;10008;14;;;;;9999.5;0.0
1;61800;INTARIAN_PEPPER_ROOT;12876;12;;;;;12891;12;12895;19;;;12885.0;0.0
1;61900;ASH_COATED_OSMIUM;9992;13;9989;11;;;10008;14;10012;14;;;10000.0;0.0
1;61900;INTARIAN_PEPPER_ROOT;12878;8;12877;18;;;12890;10;12895;21;;;12885.0;0.0
1;62000;ASH_COATED_OSMIUM;9992;15;9990;30;;;10003;12;10010;20;;;10000.0;0.0
1;62000;INTARIAN_PEPPER_ROOT;12878;20;12876;25;;;12891;10;12895;15;;;12884.5;0.0
1;62100;ASH_COATED_OSMIUM;9992;12;9989;21;;;10011;14;10011;25;;;10000.0;0.0
1;62100;INTARIAN_PEPPER_ROOT;12878;10;12878;16;;;12892;23;12894;15;;;12884.5;0.0
1;62200;ASH_COATED_OSMIUM;9992;12;9989;22;;;10008;14;;;;;10000.0;0.0
1;62200;INTARIAN_PEPPER_ROOT;12877;22;12877;17;;;12892;10;12893;19;;;12884.5;0.0
1;62300;ASH_COATED_OSMIUM;9990;10;9989;22;;;10008;15;10012;25;;;9999.5;0.0
1;62300;INTARIAN_PEPPER_ROOT;12878;10;12875;12;;;12891;20;12893;16;;;12884.0;0.0
1;62400;ASH_COATED_OSMIUM;9991;11;9988;22;;;10007;11;10009;27;;;9999.0;0.0
1;62400;INTARIAN_PEPPER_ROOT;12878;3;12876;24;;;12892;9;12893;15;;;12884.0;0.0
1;62500;ASH_COATED_OSMIUM;9992;12;;;;;10009;12;10011;21;10014;25;10000.0;0.0
1;62500;INTARIAN_PEPPER_ROOT;12877;9;12875;24;12871;17;12891;12;12894;21;;;12884.0;0.0
1;62600;ASH_COATED_OSMIUM;9993;13;9990;23;;;10009;11;10011;27;;;10001.0;0.0
1;62600;INTARIAN_PEPPER_ROOT;12878;11;12874;20;;;12890;8;;;;;12883.5;0.0
1;62700;ASH_COATED_OSMIUM;9992;12;9990;21;;;10011;13;;;;;10001.0;0.0
1;62700;INTARIAN_PEPPER_ROOT;12876;8;12873;24;;;12890;12;12895;25;;;12883.5;0.0
1;62800;ASH_COATED_OSMIUM;9995;10;9991;30;;;10009;14;;;;;10000.5;0.0
1;62800;INTARIAN_PEPPER_ROOT;12878;25;12876;16;;;12892;19;12893;23;;;12883.5;0.0
1;62900;ASH_COATED_OSMIUM;9993;10;9990;27;;;10009;13;10011;26;;;10001.0;0.0
1;62900;INTARIAN_PEPPER_ROOT;12877;8;12873;25;;;12884;12;12893;20;;;12883.0;0.0
1;63000;ASH_COATED_OSMIUM;9993;22;9990;21;;;10004;14;10011;20;;;10001.0;0.0
1;63000;INTARIAN_PEPPER_ROOT;12876;12;;;;;12890;11;12891;23;;;12883.0;0.0
1;63100;ASH_COATED_OSMIUM;9993;14;9991;27;;;10009;10;;;;;10000.5;0.0
1;63100;INTARIAN_PEPPER_ROOT;12874;10;12873;25;;;12890;10;;;;;12882.5;0.0
1;63200;ASH_COATED_OSMIUM;9993;12;;;9988;23;10009;11;10013;22;;;10001.0;0.0
1;63200;INTARIAN_PEPPER_ROOT;12875;24;12874;22;;;12889;10;12894;21;;;12882.5;0.0
1;63300;ASH_COATED_OSMIUM;9991;12;;;;;10009;28;;;;;10001.0;0.0
1;63300;INTARIAN_PEPPER_ROOT;12877;22;;;;;12889;8;;;;;12882.5;0.0
1;63400;ASH_COATED_OSMIUM;9992;13;;;;;10009;14;10012;25;;;10001.0;0.0
1;63400;INTARIAN_PEPPER_ROOT;12875;11;12872;17;;;12889;8;;;;;12882.0;0.0
1;63500;ASH_COATED_OSMIUM;9992;15;9992;23;;;10010;12;10012;24;;;10001.5;0.0
1;63500;INTARIAN_PEPPER_ROOT;12876;24;12872;17;;;12890;8;12892;16;;;12882.0;0.0
1;63600;ASH_COATED_OSMIUM;9993;14;9991;28;;;10011;10;10012;25;;;10001.0;0.0
1;63600;INTARIAN_PEPPER_ROOT;12877;12;12872;23;;;12889;9;12890;19;;;12882.0;0.0
1;63700;ASH_COATED_OSMIUM;9994;13;9992;28;;;10011;24;10012;27;;;10001.5;0.0
1;63700;INTARIAN_PEPPER_ROOT;12876;10;12871;25;;;12888;11;12891;21;;;12881.5;0.0
1;63800;ASH_COATED_OSMIUM;9994;12;9992;27;;;10010;15;10013;27;;;10001.5;0.0
1;63800;INTARIAN_PEPPER_ROOT;12875;8;12874;22;;;12891;8;;;;;12881.5;0.0
1;63900;ASH_COATED_OSMIUM;9994;12;9991;20;;;10012;10;;;;;10002.0;0.0
1;63900;INTARIAN_PEPPER_ROOT;12877;19;;;;;12887;11;12890;25;;;12881.0;0.0
1;64000;ASH_COATED_OSMIUM;9994;14;9990;24;;;10010;11;10013;26;;;10001.5;0.0
1;64000;INTARIAN_PEPPER_ROOT;12873;10;;;;;12886;11;;;;;12881.0;0.0
1;64100;ASH_COATED_OSMIUM;9993;10;;;;;10009;10;10013;22;;;10000.5;0.0
1;64100;INTARIAN_PEPPER_ROOT;12875;12;;;;;12889;9;12891;17;;;12881.0;0.0
1;64200;ASH_COATED_OSMIUM;9992;15;9989;21;;;10009;13;10010;21;;;10000.0;0.0
1;64200;INTARIAN_PEPPER_ROOT;12875;8;12871;24;;;12888;12;12889;18;;;12880.5;0.0
1;64300;ASH_COATED_OSMIUM;9992;20;;;;;10008;12;10012;25;;;10000.0;0.0
1;64300;INTARIAN_PEPPER_ROOT;12875;10;;;;;12889;9;;;;;12880.5;0.0
1;64400;ASH_COATED_OSMIUM;9993;15;;;;;10008;13;;;;;9999.5;0.0
1;64400;INTARIAN_PEPPER_ROOT;12874;8;12871;22;;;12889;8;12889;22;;;12880.5;0.0
1;64500;ASH_COATED_OSMIUM;9995;15;9990;29;;;10010;11;10010;23;;;9999.5;0.0
1;64500;INTARIAN_PEPPER_ROOT;12874;12;12870;24;;;12887;10;12889;23;;;12880.0;0.0
1;64600;ASH_COATED_OSMIUM;9992;15;;;;;10009;15;10011;23;;;9999.5;0.0
1;64600;INTARIAN_PEPPER_ROOT;12873;12;12873;22;;;12882;9;12886;23;;;12880.0;0.0
1;64700;ASH_COATED_OSMIUM;9996;14;9989;20;;;10008;14;10011;27;;;9999.5;0.0
1;64700;INTARIAN_PEPPER_ROOT;12872;9;12872;23;;;12886;15;12889;23;;;12879.5;0.0
1;64800;ASH_COATED_OSMIUM;9992;12;;;;;10009;12;;;;;9999.5;0.0
1;64800;INTARIAN_PEPPER_ROOT;12873;8;12872;22;;;12887;11;12889;21;;;12879.5;0.0
1;64900;ASH_COATED_OSMIUM;9992;13;9989;24;;;10008;15;10010;25;;;9999.5;0.0
1;64900;INTARIAN_PEPPER_ROOT;12871;9;;;;;12887;11;12888;23;;;12879.5;0.0
1;65000;ASH_COATED_OSMIUM;9995;13;9988;13;;;10008;10;;;;;9999.5;0.0
1;65000;INTARIAN_PEPPER_ROOT;12873;8;12871;24;;;12885;18;12888;17;;;12879.0;0.0
1;65100;ASH_COATED_OSMIUM;9991;11;;;;;10010;14;10012;28;;;10000.5;0.0
1;65100;INTARIAN_PEPPER_ROOT;12872;10;;;;;12885;11;12889;22;;;12879.0;0.0
1;65200;ASH_COATED_OSMIUM;9992;11;;;;;10010;11;10011;25;;;10000.0;0.0
1;65200;INTARIAN_PEPPER_ROOT;12873;19;;;;;12885;11;12888;23;;;12878.5;0.0
1;65300;ASH_COATED_OSMIUM;9993;11;;;;;10010;14;10012;30;;;10000.5;0.0
1;65300;INTARIAN_PEPPER_ROOT;12878;11;12871;21;;;12886;3;12889;24;;;12878.5;0.0
1;65400;ASH_COATED_OSMIUM;9996;23;9991;24;;;10010;21;;;;;10000.5;0.0
1;65400;INTARIAN_PEPPER_ROOT;12872;22;12871;19;;;12886;11;12889;24;;;12878.5;0.0
1;65500;ASH_COATED_OSMIUM;9993;14;;;;;10009;13;10012;23;;;10001.0;0.0
1;65500;INTARIAN_PEPPER_ROOT;12872;10;12868;22;;;12883;8;;;;;12878.0;0.0
1;65600;ASH_COATED_OSMIUM;9992;7;9990;29;;;10011;15;10011;27;;;10001.0;0.0
1;65600;INTARIAN_PEPPER_ROOT;12872;11;12870;16;;;12885;11;12889;16;;;12878.0;0.0
1;65700;ASH_COATED_OSMIUM;9992;15;9989;27;;;10008;15;10011;26;;;10000.0;0.0
1;65700;INTARIAN_PEPPER_ROOT;12870;12;;;;;12884;11;12887;19;;;12878.0;0.0
1;65800;ASH_COATED_OSMIUM;9990;11;9989;30;;;10009;11;;;;;9999.5;0.0
1;65800;INTARIAN_PEPPER_ROOT;12876;10;12875;22;;;12885;10;12886;21;;;12877.5;0.0
1;65900;ASH_COATED_OSMIUM;9992;14;9989;28;;;10008;10;;;;;9999.5;0.0
1;65900;INTARIAN_PEPPER_ROOT;12870;8;12868;20;;;12885;10;;;;;12877.5;0.0
1;66000;ASH_COATED_OSMIUM;9992;5;9990;29;;;10009;15;10011;23;;;10000.0;0.0
1;66000;INTARIAN_PEPPER_ROOT;12870;9;12869;17;;;12886;10;12887;17;;;12877.0;0.0
1;66100;ASH_COATED_OSMIUM;9992;10;9989;25;;;10008;13;;;;;9999.5;0.0
1;66100;INTARIAN_PEPPER_ROOT;12870;10;;;;;12884;22;12888;17;;;12877.0;0.0
1;66200;ASH_COATED_OSMIUM;9991;4;;;;;10005;25;10009;30;;;9999.0;0.0
1;66200;INTARIAN_PEPPER_ROOT;12869;11;12867;22;;;12886;9;;;;;12877.0;0.0
1;66300;ASH_COATED_OSMIUM;9991;4;9989;20;;;10009;12;10011;29;;;10000.0;0.0
1;66300;INTARIAN_PEPPER_ROOT;12871;20;;;;;12883;21;12887;22;;;12876.5;0.0
1;66400;ASH_COATED_OSMIUM;9990;11;;;;;10009;21;10011;21;;;9999.5;0.0
1;66400;INTARIAN_PEPPER_ROOT;12869;9;12869;25;;;12885;8;12887;23;;;12876.5;0.0
1;66500;ASH_COATED_OSMIUM;9991;11;9989;28;;;10007;28;;;;;9999.0;0.0
1;66500;INTARIAN_PEPPER_ROOT;12870;10;12866;16;;;12884;24;;;;;12876.5;0.0
1;66600;ASH_COATED_OSMIUM;9990;15;9989;20;;;10008;10;10009;23;;;9999.0;0.0
1;66600;INTARIAN_PEPPER_ROOT;12870;12;12866;19;;;12882;8;12885;11;;;12876.0;0.0
1;66700;ASH_COATED_OSMIUM;9992;25;;;;;10009;29;10011;22;;;9999.5;0.0
1;66700;INTARIAN_PEPPER_ROOT;12874;12;12869;21;12863;23;12882;11;12887;18;;;12876.0;0.0
1;66800;ASH_COATED_OSMIUM;9993;13;9990;24;;;10009;10;10012;27;;;10000.5;0.0
1;66800;INTARIAN_PEPPER_ROOT;12867;9;12866;23;;;12882;12;;;;;12875.5;0.0
1;66900;ASH_COATED_OSMIUM;9992;12;9988;25;;;10008;10;10011;22;;;10000.0;0.0
1;66900;INTARIAN_PEPPER_ROOT;12874;18;12867;17;;;12883;12;12885;25;;;12875.5;0.0
1;67000;ASH_COATED_OSMIUM;9993;12;9990;28;;;10010;30;10011;25;;;10000.5;0.0
1;67000;INTARIAN_PEPPER_ROOT;12869;9;12873;22;;;12881;8;12885;8;;;12875.5;0.0
1;67100;ASH_COATED_OSMIUM;9993;9;9991;20;9985;30;10011;15;10014;27;;;10000.5;0.0
1;67100;INTARIAN_PEPPER_ROOT;12869;12;12866;24;;;12881;9;12887;19;;;12875.0;0.0
1;67200;ASH_COATED_OSMIUM;9993;11;9993;27;;;10010;15;10012;13;;;10000.5;0.0
1;67200;INTARIAN_PEPPER_ROOT;12869;8;12864;23;;;12882;8;12885;19;;;12875.0;0.0
1;67300;ASH_COATED_OSMIUM;9990;15;9991;23;;;10009;13;10014;20;;;10000.5;0.0
1;67300;INTARIAN_PEPPER_ROOT;12869;24;12867;16;;;12881;9;12884;25;;;12875.0;0.0
