timestamp;buyer;seller;symbol;currency;price;quantity
700;;;INTARIAN_PEPPER_ROOT;XIRECS;12995.0;6
1100;;;INTARIAN_PEPPER_ROOT;XIRECS;13010.0;3
2300;;;ASH_COATED_OSMIUM;XIRECS;10001.0;4
2400;;;INTARIAN_PEPPER_ROOT;XIRECS;13012.0;4
2800;;;INTARIAN_PEPPER_ROOT;XIRECS;13000.0;6
3500;;;INTARIAN_PEPPER_ROOT;XIRECS;13000.0;5
6000;;;ASH_COATED_OSMIUM;XIRECS;10004.0;8
6700;;;INTARIAN_PEPPER_ROOT;XIRECS;13017.0;7
7000;;;ASH_COATED_OSMIUM;XIRECS;9993.0;3
8300;;;INTARIAN_PEPPER_ROOT;XIRECS;13004.0;4
9300;;;ASH_COATED_OSMIUM;XIRECS;10009.0;5
9700;;;INTARIAN_PEPPER_ROOT;XIRECS;13019.0;3
10200;;;ASH_COATED_OSMIUM;XIRECS;10008.0;7
10900;;;INTARIAN_PEPPER_ROOT;XIRECS;13009.0;6
11100;;;ASH_COATED_OSMIUM;XIRECS;9993.0;2
12500;;;INTARIAN_PEPPER_ROOT;XIRECS;13010.0;7
12600;;;ASH_COATED_OSMIUM;XIRECS;9991.0;6
13600;;;INTARIAN_PEPPER_ROOT;XIRECS;13026.0;4
15700;;;INTARIAN_PEPPER_ROOT;XIRECS;13026.0;7
18900;;;ASH_COATED_OSMIUM;XIRECS;10005.0;5
19800;;;INTARIAN_PEPPER_ROOT;XIRECS;13018.0;4
20700;;;INTARIAN_PEPPER_ROOT;XIRECS;13032.0;7
21600;;;ASH_COATED_OSMIUM;XIRECS;10000.0;7
22100;;;ASH_COATED_OSMIUM;XIRECS;10009.0;9
22600;;;ASH_COATED_OSMIUM;XIRECS;10008.0;4
24100;;;ASH_COATED_OSMIUM;XIRECS;10002.0;5
25000;;;INTARIAN_PEPPER_ROOT;XIRECS;13024.0;7
25500;;;ASH_COATED_OSMIUM;XIRECS;9992.0;6
27500;;;INTARIAN_PEPPER_ROOT;XIRECS;13041.0;5
29000;;;ASH_COATED_OSMIUM;XIRECS;10008.0;7
29100;;;ASH_COATED_OSMIUM;XIRECS;10009.0;2
30000;;;INTARIAN_PEPPER_ROOT;XIRECS;13041.0;4
30600;;;ASH_COATED_OSMIUM;XIRECS;9992.0;2
30800;;;INTARIAN_PEPPER_ROOT;XIRECS;13044.0;6
34300;;;ASH_COATED_OSMIUM;XIRECS;9991.0;4
36900;;;ASH_COATED_OSMIUM;XIRECS;9991.0;8
37700;;;INTARIAN_PEPPER_ROOT;XIRECS;13051.0;3
37800;;;INTARIAN_PEPPER_ROOT;XIRECS;13051.0;4
39400;;;ASH_COATED_OSMIUM;XIRECS;10002.0;6
40600;;;INTARIAN_PEPPER_ROOT;XIRECS;13040.0;5
40900;;;ASH_COATED_OSMIUM;XIRECS;10010.0;5
50600;;;ASH_COATED_OSMIUM;XIRECS;10010.0;5
50900;;;INTARIAN_PEPPER_ROOT;XIRECS;13052.0;6
51500;;;INTARIAN_PEPPER_ROOT;XIRECS;13067.0;7
54300;;;INTARIAN_PEPPER_ROOT;XIRECS;13056.0;6
56000;;;ASH_COATED_OSMIUM;XIRECS;10009.0;5
56900;;;INTARIAN_PEPPER_ROOT;XIRECS;13073.0;8
57200;;;ASH_COATED_OSMIUM;XIRECS;9993.0;10
57800;;;INTARIAN_PEPPER_ROOT;XIRECS;13073.0;7
59100;;;ASH_COATED_OSMIUM;XIRECS;10003.0;4
60300;;;ASH_COATED_OSMIUM;XIRECS;9993.0;5
60800;;;ASH_COATED_OSMIUM;XIRECS;9990.0;10
61200;;;ASH_COATED_OSMIUM;XIRECS;10001.0;4
62100;;;ASH_COATED_OSMIUM;XIRECS;9992.0;8
63000;;;ASH_COATED_OSMIUM;XIRECS;10009.0;4
65300;;;ASH_COATED_OSMIUM;XIRECS;10008.0;8
68700;;;INTARIAN_PEPPER_ROOT;XIRECS;13070.0;4
68900;;;INTARIAN_PEPPER_ROOT;XIRECS;13072.0;7
69900;;;INTARIAN_PEPPER_ROOT;XIRECS;13072.0;6
69900;;;ASH_COATED_OSMIUM;XIRECS;9992.0;3
70100;;;ASH_COATED_OSMIUM;XIRECS;9991.0;6
71000;;;INTARIAN_PEPPER_ROOT;XIRECS;13086.0;6
71100;;;ASH_COATED_OSMIUM;XIRECS;10008.0;3
71500;;;ASH_COATED_OSMIUM;XIRECS;10000.0;5
72000;;;INTARIAN_PEPPER_ROOT;XIRECS;13074.0;7
72900;;;ASH_COATED_OSMIUM;XIRECS;10009.0;3
73800;;;INTARIAN_PEPPER_ROOT;XIRECS;13088.0;5
75500;;;ASH_COATED_OSMIUM;XIRECS;9993.0;5
76100;;;ASH_COATED_OSMIUM;XIRECS;9999.0;3
79500;;;INTARIAN_PEPPER_ROOT;XIRECS;13081.0;8
85800;;;ASH_COATED_OSMIUM;XIRECS;10000.0;7
86600;;;INTARIAN_PEPPER_ROOT;XIRECS;13104.0;3
87600;;;INTARIAN_PEPPER_ROOT;XIRECS;13092.0;5
87600;;;ASH_COATED_OSMIUM;XIRECS;9996.0;3
89900;;;ASH_COATED_OSMIUM;XIRECS;10008.0;3
90800;;;INTARIAN_PEPPER_ROOT;XIRECS;13095.0;6
90900;;;INTARIAN_PEPPER_ROOT;XIRECS;13095.0;3
91000;;;ASH_COATED_OSMIUM;XIRECS;10003.0;6
91800;;;ASH_COATED_OSMIUM;XIRECS;10009.0;9
92400;;;ASH_COATED_OSMIUM;XIRECS;10002.0;3
95900;;;INTARIAN_PEPPER_ROOT;XIRECS;13100.0;4
97700;;;INTARIAN_PEPPER_ROOT;XIRECS;13099.0;7
98200;;;INTARIAN_PEPPER_ROOT;XIRECS;13117.0;7
98800;;;ASH_COATED_OSMIUM;XIRECS;10010.0;7
102100;;;ASH_COATED_OSMIUM;XIRECS;9990.0;10
103200;;;INTARIAN_PEPPER_ROOT;XIRECS;13107.0;6
104300;;;INTARIAN_PEPPER_ROOT;XIRECS;13122.0;6
105200;;;INTARIAN_PEPPER_ROOT;XIRECS;13110.0;6
105300;;;INTARIAN_PEPPER_ROOT;XIRECS;13109.0;5
105700;;;INTARIAN_PEPPER_ROOT;XIRECS;13116.0;7
108400;;;ASH_COATED_OSMIUM;XIRECS;9994.0;2
108800;;;ASH_COATED_OSMIUM;XIRECS;10003.0;2
111500;;;INTARIAN_PEPPER_ROOT;XIRECS;13130.0;6
112800;;;INTARIAN_PEPPER_ROOT;XIRECS;13119.0;7
113400;;;ASH_COATED_OSMIUM;XIRECS;9991.0;4
114100;;;INTARIAN_PEPPER_ROOT;XIRECS;13121.0;5
119500;;;INTARIAN_PEPPER_ROOT;XIRECS;13139.0;5
120600;;;INTARIAN_PEPPER_ROOT;XIRECS;13141.0;7
126800;;;ASH_COATED_OSMIUM;XIRECS;10008.0;5
126900;;;ASH_COATED_OSMIUM;XIRECS;10001.0;7
129000;;;ASH_COATED_OSMIUM;XIRECS;9999.0;6
129700;;;ASH_COATED_OSMIUM;XIRECS;9990.0;7
130200;;;ASH_COATED_OSMIUM;XIRECS;9991.0;3
130200;;;ASH_COATED_OSMIUM;XIRECS;10008.0;6
132500;;;ASH_COATED_OSMIUM;XIRECS;10008.0;3
133600;;;ASH_COATED_OSMIUM;XIRECS;9991.0;6
135000;;;ASH_COATED_OSMIUM;XIRECS;9989.0;4
141300;;;ASH_COATED_OSMIUM;XIRECS;10010.0;9
142200;;;INTARIAN_PEPPER_ROOT;XIRECS;13150.0;3
143200;;;ASH_COATED_OSMIUM;XIRECS;10000.0;8
145000;;;ASH_COATED_OSMIUM;XIRECS;10000.0;9
147100;;;ASH_COATED_OSMIUM;XIRECS;9993.0;5
150400;;;ASH_COATED_OSMIUM;XIRECS;9993.0;6
156000;;;ASH_COATED_OSMIUM;XIRECS;10010.0;4
158300;;;INTARIAN_PEPPER_ROOT;XIRECS;13168.0;3
160400;;;INTARIAN_PEPPER_ROOT;XIRECS;13183.0;5
160500;;;ASH_COATED_OSMIUM;XIRECS;9992.0;6
160600;;;ASH_COATED_OSMIUM;XIRECS;9999.0;4
162800;;;ASH_COATED_OSMIUM;XIRECS;10008.0;6
165300;;;ASH_COATED_OSMIUM;XIRECS;10002.0;5
171600;;;ASH_COATED_OSMIUM;XIRECS;10010.0;2
173600;;;INTARIAN_PEPPER_ROOT;XIRECS;13185.0;3
175900;;;ASH_COATED_OSMIUM;XIRECS;10004.0;10
176200;;;INTARIAN_PEPPER_ROOT;XIRECS;13188.0;6
176800;;;ASH_COATED_OSMIUM;XIRECS;10001.0;10
177600;;;INTARIAN_PEPPER_ROOT;XIRECS;13202.0;6
179300;;;INTARIAN_PEPPER_ROOT;XIRECS;13192.0;4
179600;;;INTARIAN_PEPPER_ROOT;XIRECS;13192.0;7
180300;;;ASH_COATED_OSMIUM;XIRECS;10000.0;4
181000;;;ASH_COATED_OSMIUM;XIRECS;9992.0;4
184800;;;ASH_COATED_OSMIUM;XIRECS;10000.0;8
184800;;;ASH_COATED_OSMIUM;XIRECS;9992.0;6
186200;;;ASH_COATED_OSMIUM;XIRECS;10009.0;4
186200;;;ASH_COATED_OSMIUM;XIRECS;10001.0;10
187400;;;ASH_COATED_OSMIUM;XIRECS;9993.0;2
188100;;;ASH_COATED_OSMIUM;XIRECS;10010.0;5
188500;;;ASH_COATED_OSMIUM;XIRECS;10011.0;6
192400;;;INTARIAN_PEPPER_ROOT;XIRECS;13204.0;8
192900;;;ASH_COATED_OSMIUM;XIRECS;10008.0;3
193700;;;ASH_COATED_OSMIUM;XIRECS;10009.0;8
194800;;;INTARIAN_PEPPER_ROOT;XIRECS;13209.0;3
195300;;;INTARIAN_PEPPER_ROOT;XIRECS;13223.0;8
196300;;;ASH_COATED_OSMIUM;XIRECS;9998.0;4
197000;;;INTARIAN_PEPPER_ROOT;XIRECS;13222.0;3
197100;;;ASH_COATED_OSMIUM;XIRECS;9991.0;8
198900;;;INTARIAN_PEPPER_ROOT;XIRECS;13212.0;5
200600;;;ASH_COATED_OSMIUM;XIRECS;10008.0;3
200700;;;INTARIAN_PEPPER_ROOT;XIRECS;13214.0;3
202200;;;INTARIAN_PEPPER_ROOT;XIRECS;13213.0;4
203400;;;INTARIAN_PEPPER_ROOT;XIRECS;13226.0;4
203600;;;ASH_COATED_OSMIUM;XIRECS;10001.0;3
204100;;;INTARIAN_PEPPER_ROOT;XIRECS;13228.0;6
205100;;;ASH_COATED_OSMIUM;XIRECS;10002.0;6
206500;;;ASH_COATED_OSMIUM;XIRECS;10007.0;6
209500;;;ASH_COATED_OSMIUM;XIRECS;10011.0;6
216000;;;INTARIAN_PEPPER_ROOT;XIRECS;13214.0;4
216800;;;ASH_COATED_OSMIUM;XIRECS;10008.0;5
217300;;;ASH_COATED_OSMIUM;XIRECS;10007.0;3
217700;;;ASH_COATED_OSMIUM;XIRECS;10007.0;7
217700;;;ASH_COATED_OSMIUM;XIRECS;10007.0;5
219700;;;ASH_COATED_OSMIUM;XIRECS;10009.0;5
221000;;;INTARIAN_PEPPER_ROOT;XIRECS;13213.0;5
223000;;;INTARIAN_PEPPER_ROOT;XIRECS;13218.0;5
225400;;;INTARIAN_PEPPER_ROOT;XIRECS;13213.0;3
226600;;;ASH_COATED_OSMIUM;XIRECS;10009.0;3
230200;;;ASH_COATED_OSMIUM;XIRECS;9994.0;7
230400;;;ASH_COATED_OSMIUM;XIRECS;10001.0;5
232400;;;ASH_COATED_OSMIUM;XIRECS;10009.0;6
234400;;;INTARIAN_PEPPER_ROOT;XIRECS;13227.0;7
235900;;;INTARIAN_PEPPER_ROOT;XIRECS;13212.0;4
236500;;;INTARIAN_PEPPER_ROOT;XIRECS;13214.0;7
237400;;;INTARIAN_PEPPER_ROOT;XIRECS;13213.0;8
237400;;;INTARIAN_PEPPER_ROOT;XIRECS;13213.0;6
237900;;;ASH_COATED_OSMIUM;XIRECS;9996.0;6
241600;;;ASH_COATED_OSMIUM;XIRECS;9999.0;6
242300;;;INTARIAN_PEPPER_ROOT;XIRECS;13226.0;5
245500;;;ASH_COATED_OSMIUM;XIRECS;10009.0;8
246600;;;INTARIAN_PEPPER_ROOT;XIRECS;13214.0;5
251500;;;ASH_COATED_OSMIUM;XIRECS;9992.0;3
252100;;;INTARIAN_PEPPER_ROOT;XIRECS;13226.0;6
252200;;;ASH_COATED_OSMIUM;XIRECS;9993.0;2
253600;;;ASH_COATED_OSMIUM;XIRECS;9990.0;6
254900;;;INTARIAN_PEPPER_ROOT;XIRECS;13211.0;6
257100;;;ASH_COATED_OSMIUM;XIRECS;10000.0;10
261600;;;INTARIAN_PEPPER_ROOT;XIRECS;13226.0;8
261600;;;ASH_COATED_OSMIUM;XIRECS;10008.0;9
262900;;;ASH_COATED_OSMIUM;XIRECS;9990.0;7
263800;;;INTARIAN_PEPPER_ROOT;XIRECS;13213.0;7
264100;;;INTARIAN_PEPPER_ROOT;XIRECS;13227.0;5
265400;;;ASH_COATED_OSMIUM;XIRECS;9994.0;2
266300;;;INTARIAN_PEPPER_ROOT;XIRECS;13227.0;5
269500;;;INTARIAN_PEPPER_ROOT;XIRECS;13223.0;3
270800;;;ASH_COATED_OSMIUM;XIRECS;9994.0;5
272000;;;ASH_COATED_OSMIUM;XIRECS;10006.0;7
272900;;;ASH_COATED_OSMIUM;XIRECS;10009.0;9
274100;;;INTARIAN_PEPPER_ROOT;XIRECS;13226.0;7
274800;;;ASH_COATED_OSMIUM;XIRECS;9990.0;6
277000;;;INTARIAN_PEPPER_ROOT;XIRECS;13214.0;7
277400;;;ASH_COATED_OSMIUM;XIRECS;10000.0;2
278100;;;INTARIAN_PEPPER_ROOT;XIRECS;13227.0;3
278600;;;ASH_COATED_OSMIUM;XIRECS;9993.0;6
288500;;;INTARIAN_PEPPER_ROOT;XIRECS;13226.0;7
288800;;;INTARIAN_PEPPER_ROOT;XIRECS;13213.0;6
291100;;;ASH_COATED_OSMIUM;XIRECS;9991.0;3
293600;;;INTARIAN_PEPPER_ROOT;XIRECS;13226.0;3
294700;;;INTARIAN_PEPPER_ROOT;XIRECS;13228.0;4
294900;;;INTARIAN_PEPPER_ROOT;XIRECS;13213.0;4
296400;;;INTARIAN_PEPPER_ROOT;XIRECS;13212.0;4
297600;;;ASH_COATED_OSMIUM;XIRECS;10008.0;10
298500;;;ASH_COATED_OSMIUM;XIRECS;10008.0;5
299100;;;INTARIAN_PEPPER_ROOT;XIRECS;13228.0;4
299200;;;ASH_COATED_OSMIUM;XIRECS;9992.0;6
299900;;;ASH_COATED_OSMIUM;XIRECS;10008.0;9
303900;;;ASH_COATED_OSMIUM;XIRECS;10002.0;9
304700;;;INTARIAN_PEPPER_ROOT;XIRECS;13228.0;5
305400;;;ASH_COATED_OSMIUM;XIRECS;10000.0;4
306400;;;ASH_COATED_OSMIUM;XIRECS;10009.0;6
307200;;;INTARIAN_PEPPER_ROOT;XIRECS;13227.0;6
309700;;;INTARIAN_PEPPER_ROOT;XIRECS;13212.0;8
309900;;;ASH_COATED_OSMIUM;XIRECS;10002.0;6
311200;;;INTARIAN_PEPPER_ROOT;XIRECS;13226.0;7
311800;;;ASH_COATED_OSMIUM;XIRECS;10001.0;5
313200;;;INTARIAN_PEPPER_ROOT;XIRECS;13226.0;5
314700;;;INTARIAN_PEPPER_ROOT;XIRECS;13227.0;6
317200;;;ASH_COATED_OSMIUM;XIRECS;9992.0;8
317400;;;ASH_COATED_OSMIUM;XIRECS;9990.0;8
319000;;;INTARIAN_PEPPER_ROOT;XIRECS;13213.0;4
319800;;;ASH_COATED_OSMIUM;XIRECS;10010.0;3
320500;;;ASH_COATED_OSMIUM;XIRECS;10001.0;6
323600;;;INTARIAN_PEPPER_ROOT;XIRECS;13228.0;7
325400;;;ASH_COATED_OSMIUM;XIRECS;10010.0;10
328300;;;ASH_COATED_OSMIUM;XIRECS;10002.0;6
329100;;;INTARIAN_PEPPER_ROOT;XIRECS;13226.0;3
332500;;;INTARIAN_PEPPER_ROOT;XIRECS;13225.0;8
332500;;;INTARIAN_PEPPER_ROOT;XIRECS;13225.0;3
336300;;;ASH_COATED_OSMIUM;XIRECS;9999.0;7
340100;;;INTARIAN_PEPPER_ROOT;XIRECS;13228.0;6
341900;;;ASH_COATED_OSMIUM;XIRECS;10002.0;8
342200;;;INTARIAN_PEPPER_ROOT;XIRECS;13214.0;8
342500;;;ASH_COATED_OSMIUM;XIRECS;10001.0;2
342700;;;ASH_COATED_OSMIUM;XIRECS;10002.0;2
343600;;;INTARIAN_PEPPER_ROOT;XIRECS;13218.0;5
345900;;;ASH_COATED_OSMIUM;XIRECS;10008.0;2
347000;;;ASH_COATED_OSMIUM;XIRECS;9994.0;2
347700;;;INTARIAN_PEPPER_ROOT;XIRECS;13211.0;7
348000;;;INTARIAN_PEPPER_ROOT;XIRECS;13225.0;5
348300;;;INTARIAN_PEPPER_ROOT;XIRECS;13227.0;5
352200;;;ASH_COATED_OSMIUM;XIRECS;9991.0;4
353800;;;ASH_COATED_OSMIUM;XIRECS;9999.0;4
354600;;;ASH_COATED_OSMIUM;XIRECS;10006.0;5
358500;;;INTARIAN_PEPPER_ROOT;XIRECS;13226.0;4
359100;;;ASH_COATED_OSMIUM;XIRECS;10009.0;6
359900;;;ASH_COATED_OSMIUM;XIRECS;10001.0;4
360000;;;INTARIAN_PEPPER_ROOT;XIRECS;13213.0;4
361100;;;ASH_COATED_OSMIUM;XIRECS;10008.0;6
361400;;;ASH_COATED_OSMIUM;XIRECS;9991.0;3
361600;;;ASH_COATED_OSMIUM;XIRECS;10009.0;10
362600;;;INTARIAN_PEPPER_ROOT;XIRECS;13213.0;7
362700;;;INTARIAN_PEPPER_ROOT;XIRECS;13213.0;3
362700;;;ASH_COATED_OSMIUM;XIRECS;9991.0;8
363700;;;INTARIAN_PEPPER_ROOT;XIRECS;13226.0;6
364400;;;ASH_COATED_OSMIUM;XIRECS;10002.0;5
366600;;;INTARIAN_PEPPER_ROOT;XIRECS;13213.0;7
367500;;;INTARIAN_PEPPER_ROOT;XIRECS;13212.0;7
368500;;;ASH_COATED_OSMIUM;XIRECS;10008.0;8
370900;;;ASH_COATED_OSMIUM;XIRECS;10000.0;9
371600;;;INTARIAN_PEPPER_ROOT;XIRECS;13214.0;6
373100;;;ASH_COATED_OSMIUM;XIRECS;10010.0;5
375400;;;ASH_COATED_OSMIUM;XIRECS;10000.0;10
376300;;;ASH_COATED_OSMIUM;XIRECS;10000.0;4
377500;;;INTARIAN_PEPPER_ROOT;XIRECS;13213.0;5
378400;;;INTARIAN_PEPPER_ROOT;XIRECS;13211.0;7
379600;;;ASH_COATED_OSMIUM;XIRECS;9995.0;4
379700;;;ASH_COATED_OSMIUM;XIRECS;10001.0;6
380000;;;INTARIAN_PEPPER_ROOT;XIRECS;13213.0;7
381900;;;ASH_COATED_OSMIUM;XIRECS;10009.0;7
382100;;;ASH_COATED_OSMIUM;XIRECS;9994.0;9
382700;;;INTARIAN_PEPPER_ROOT;XIRECS;13228.0;5
384500;;;INTARIAN_PEPPER_ROOT;XIRECS;13214.0;3
384800;;;INTARIAN_PEPPER_ROOT;XIRECS;13212.0;3
385000;;;ASH_COATED_OSMIUM;XIRECS;9992.0;7
386700;;;ASH_COATED_OSMIUM;XIRECS;10001.0;6
388700;;;INTARIAN_PEPPER_ROOT;XIRECS;13213.0;8
390300;;;INTARIAN_PEPPER_ROOT;XIRECS;13227.0;6
392000;;;INTARIAN_PEPPER_ROOT;XIRECS;13226.0;3
393200;;;ASH_COATED_OSMIUM;XIRECS;10006.0;5
394400;;;INTARIAN_PEPPER_ROOT;XIRECS;13214.0;3
394700;;;INTARIAN_PEPPER_ROOT;XIRECS;13214.0;5
395800;;;ASH_COATED_OSMIUM;XIRECS;9994.0;3
396000;;;ASH_COATED_OSMIUM;XIRECS;9995.0;4
396700;;;ASH_COATED_OSMIUM;XIRECS;9993.0;3
397200;;;INTARIAN_PEPPER_ROOT;XIRECS;13226.0;3
399100;;;ASH_COATED_OSMIUM;XIRECS;10000.0;5
399900;;;INTARIAN_PEPPER_ROOT;XIRECS;13214.0;7
401700;;;ASH_COATED_OSMIUM;XIRECS;9998.0;3
403000;;;INTARIAN_PEPPER_ROOT;XIRECS;13214.0;5
403400;;;INTARIAN_PEPPER_ROOT;XIRECS;13213.0;6
407300;;;INTARIAN_PEPPER_ROOT;XIRECS;13228.0;6
408500;;;INTARIAN_PEPPER_ROOT;XIRECS;13226.0;5
409600;;;ASH_COATED_OSMIUM;XIRECS;9991.0;2
409800;;;INTARIAN_PEPPER_ROOT;XIRECS;13213.0;4
410700;;;INTARIAN_PEPPER_ROOT;XIRECS;13227.0;7
411300;;;ASH_COATED_OSMIUM;XIRECS;10004.0;10
413300;;;INTARIAN_PEPPER_ROOT;XIRECS;13213.0;7
416900;;;ASH_COATED_OSMIUM;XIRECS;10001.0;3
417900;;;INTARIAN_PEPPER_ROOT;XIRECS;13226.0;3
419700;;;ASH_COATED_OSMIUM;XIRECS;9992.0;9
420400;;;INTARIAN_PEPPER_ROOT;XIRECS;13213.0;6
421300;;;ASH_COATED_OSMIUM;XIRECS;9991.0;4
421500;;;ASH_COATED_OSMIUM;XIRECS;9992.0;5
425200;;;ASH_COATED_OSMIUM;XIRECS;9991.0;3
425700;;;ASH_COATED_OSMIUM;XIRECS;10001.0;5
428000;;;INTARIAN_PEPPER_ROOT;XIRECS;13213.0;7
428400;;;ASH_COATED_OSMIUM;XIRECS;10008.0;8
428500;;;ASH_COATED_OSMIUM;XIRECS;10004.0;3
429000;;;ASH_COATED_OSMIUM;XIRECS;10004.0;4
429500;;;INTARIAN_PEPPER_ROOT;XIRECS;13228.0;5
429900;;;INTARIAN_PEPPER_ROOT;XIRECS;13214.0;4
431300;;;INTARIAN_PEPPER_ROOT;XIRECS;13226.0;4
432300;;;INTARIAN_PEPPER_ROOT;XIRECS;13225.0;4
432400;;;INTARIAN_PEPPER_ROOT;XIRECS;13213.0;4
433500;;;INTARIAN_PEPPER_ROOT;XIRECS;13226.0;6
434000;;;ASH_COATED_OSMIUM;XIRECS;9991.0;3
438200;;;INTARIAN_PEPPER_ROOT;XIRECS;13210.0;6
440200;;;INTARIAN_PEPPER_ROOT;XIRECS;13214.0;3
440300;;;ASH_COATED_OSMIUM;XIRECS;10012.0;4
442100;;;INTARIAN_PEPPER_ROOT;XIRECS;13226.0;3
445600;;;ASH_COATED_OSMIUM;XIRECS;9993.0;7
446400;;;ASH_COATED_OSMIUM;XIRECS;10004.0;3
447200;;;ASH_COATED_OSMIUM;XIRECS;10009.0;6
452000;;;INTARIAN_PEPPER_ROOT;XIRECS;13212.0;3
452100;;;INTARIAN_PEPPER_ROOT;XIRECS;13225.0;7
454500;;;ASH_COATED_OSMIUM;XIRECS;10009.0;5
456800;;;INTARIAN_PEPPER_ROOT;XIRECS;13226.0;4
456900;;;ASH_COATED_OSMIUM;XIRECS;9999.0;8
457200;;;ASH_COATED_OSMIUM;XIRECS;9991.0;3
458500;;;ASH_COATED_OSMIUM;XIRECS;10010.0;6
460500;;;INTARIAN_PEPPER_ROOT;XIRECS;13214.0;3
461000;;;INTARIAN_PEPPER_ROOT;XIRECS;13227.0;7
463500;;;ASH_COATED_OSMIUM;XIRECS;10002.0;6
465200;;;INTARIAN_PEPPER_ROOT;XIRECS;13225.0;7
466200;;;INTARIAN_PEPPER_ROOT;XIRECS;13225.0;7
470200;;;INTARIAN_PEPPER_ROOT;XIRECS;13226.0;3
471900;;;INTARIAN_PEPPER_ROOT;XIRECS;13226.0;5
476500;;;ASH_COATED_OSMIUM;XIRECS;10004.0;2
477600;;;ASH_COATED_OSMIUM;XIRECS;9990.0;5
478600;;;INTARIAN_PEPPER_ROOT;XIRECS;13219.0;6
480900;;;ASH_COATED_OSMIUM;XIRECS;10009.0;6
483700;;;ASH_COATED_OSMIUM;XIRECS;10007.0;10
484100;;;INTARIAN_PEPPER_ROOT;XIRECS;13214.0;7
484800;;;INTARIAN_PEPPER_ROOT;XIRECS;13226.0;3
484900;;;INTARIAN_PEPPER_ROOT;XIRECS;13212.0;7
486900;;;ASH_COATED_OSMIUM;XIRECS;9993.0;5
487100;;;ASH_COATED_OSMIUM;XIRECS;10009.0;8
487400;;;INTARIAN_PEPPER_ROOT;XIRECS;13212.0;3
487600;;;ASH_COATED_OSMIUM;XIRECS;10002.0;7
488700;;;ASH_COATED_OSMIUM;XIRECS;9999.0;3
490300;;;ASH_COATED_OSMIUM;XIRECS;10007.0;6
496200;;;INTARIAN_PEPPER_ROOT;XIRECS;13225.0;6
496300;;;ASH_COATED_OSMIUM;XIRECS;10009.0;6
500400;;;ASH_COATED_OSMIUM;XIRECS;10009.0;2
500500;;;ASH_COATED_OSMIUM;XIRECS;10007.0;8
501000;;;INTARIAN_PEPPER_ROOT;XIRECS;13214.0;5
501200;;;INTARIAN_PEPPER_ROOT;XIRECS;13227.0;4
502000;;;INTARIAN_PEPPER_ROOT;XIRECS;13213.0;6
503500;;;INTARIAN_PEPPER_ROOT;XIRECS;13227.0;5
503600;;;ASH_COATED_OSMIUM;XIRECS;9992.0;3
504400;;;ASH_COATED_OSMIUM;XIRECS;10008.0;3
505000;;;INTARIAN_PEPPER_ROOT;XIRECS;13227.0;4
505000;;;ASH_COATED_OSMIUM;XIRECS;9995.0;3
507000;;;INTARIAN_PEPPER_ROOT;XIRECS;13228.0;5
508100;;;ASH_COATED_OSMIUM;XIRECS;9995.0;4
510000;;;INTARIAN_PEPPER_ROOT;XIRECS;13226.0;3
510000;;;ASH_COATED_OSMIUM;XIRECS;9991.0;9
510100;;;ASH_COATED_OSMIUM;XIRECS;10000.0;3
510200;;;ASH_COATED_OSMIUM;XIRECS;10009.0;7
511700;;;ASH_COATED_OSMIUM;XIRECS;10002.0;9
511800;;;INTARIAN_PEPPER_ROOT;XIRECS;13213.0;3
512100;;;ASH_COATED_OSMIUM;XIRECS;10001.0;6
512300;;;ASH_COATED_OSMIUM;XIRECS;10009.0;7
517800;;;INTARIAN_PEPPER_ROOT;XIRECS;13212.0;7
517800;;;INTARIAN_PEPPER_ROOT;XIRECS;13212.0;7
518400;;;ASH_COATED_OSMIUM;XIRECS;9994.0;2
518500;;;ASH_COATED_OSMIUM;XIRECS;10003.0;7
519500;;;ASH_COATED_OSMIUM;XIRECS;9994.0;4
520200;;;ASH_COATED_OSMIUM;XIRECS;9993.0;5
521100;;;ASH_COATED_OSMIUM;XIRECS;9994.0;8
521500;;;ASH_COATED_OSMIUM;XIRECS;9993.0;2
522800;;;ASH_COATED_OSMIUM;XIRECS;9993.0;5
522900;;;ASH_COATED_OSMIUM;XIRECS;9993.0;6
523700;;;INTARIAN_PEPPER_ROOT;XIRECS;13213.0;5
526000;;;INTARIAN_PEPPER_ROOT;XIRECS;13212.0;4
527000;;;INTARIAN_PEPPER_ROOT;XIRECS;13213.0;5
527100;;;INTARIAN_PEPPER_ROOT;XIRECS;13226.0;3
527400;;;INTARIAN_PEPPER_ROOT;XIRECS;13213.0;5
527700;;;ASH_COATED_OSMIUM;XIRECS;9991.0;7
528300;;;ASH_COATED_OSMIUM;XIRECS;10004.0;8
529700;;;ASH_COATED_OSMIUM;XIRECS;10007.0;4
530600;;;INTARIAN_PEPPER_ROOT;XIRECS;13214.0;5
531000;;;INTARIAN_PEPPER_ROOT;XIRECS;13213.0;5
531000;;;ASH_COATED_OSMIUM;XIRECS;10006.0;7
534000;;;ASH_COATED_OSMIUM;XIRECS;10008.0;3
534300;;;ASH_COATED_OSMIUM;XIRECS;9992.0;7
535000;;;INTARIAN_PEPPER_ROOT;XIRECS;13227.0;6
537200;;;INTARIAN_PEPPER_ROOT;XIRECS;13213.0;5
538100;;;ASH_COATED_OSMIUM;XIRECS;10009.0;2
538200;;;INTARIAN_PEPPER_ROOT;XIRECS;13227.0;6
538200;;;INTARIAN_PEPPER_ROOT;XIRECS;13227.0;7
541000;;;INTARIAN_PEPPER_ROOT;XIRECS;13213.0;3
542500;;;ASH_COATED_OSMIUM;XIRECS;9991.0;4
543400;;;INTARIAN_PEPPER_ROOT;XIRECS;13213.0;7
548200;;;ASH_COATED_OSMIUM;XIRECS;10002.0;4
548600;;;INTARIAN_PEPPER_ROOT;XIRECS;13213.0;6
549600;;;INTARIAN_PEPPER_ROOT;XIRECS;13213.0;6
552200;;;INTARIAN_PEPPER_ROOT;XIRECS;13213.0;5
552900;;;ASH_COATED_OSMIUM;XIRECS;9994.0;5
554100;;;INTARIAN_PEPPER_ROOT;XIRECS;13228.0;5
554300;;;ASH_COATED_OSMIUM;XIRECS;10008.0;2
557100;;;INTARIAN_PEPPER_ROOT;XIRECS;13226.0;7
558200;;;INTARIAN_PEPPER_ROOT;XIRECS;13227.0;6
563300;;;ASH_COATED_OSMIUM;XIRECS;9991.0;6
564400;;;ASH_COATED_OSMIUM;XIRECS;10000.0;6
567800;;;ASH_COATED_OSMIUM;XIRECS;10010.0;4
569700;;;INTARIAN_PEPPER_ROOT;XIRECS;13228.0;3
573900;;;INTARIAN_PEPPER_ROOT;XIRECS;13213.0;7
574000;;;INTARIAN_PEPPER_ROOT;XIRECS;13226.0;4
575400;;;ASH_COATED_OSMIUM;XIRECS;10001.0;5
575700;;;ASH_COATED_OSMIUM;XIRECS;10011.0;3
576200;;;INTARIAN_PEPPER_ROOT;XIRECS;13225.0;6
576400;;;INTARIAN_PEPPER_ROOT;XIRECS;13214.0;7
577200;;;INTARIAN_PEPPER_ROOT;XIRECS;13213.0;3
580000;;;ASH_COATED_OSMIUM;XIRECS;9994.0;3
580600;;;INTARIAN_PEPPER_ROOT;XIRECS;13213.0;5
582200;;;ASH_COATED_OSMIUM;XIRECS;10010.0;8
582700;;;ASH_COATED_OSMIUM;XIRECS;10001.0;6
584400;;;INTARIAN_PEPPER_ROOT;XIRECS;13227.0;4
584500;;;INTARIAN_PEPPER_ROOT;XIRECS;13225.0;5
584500;;;ASH_COATED_OSMIUM;XIRECS;10010.0;6
585200;;;INTARIAN_PEPPER_ROOT;XIRECS;13226.0;3
588800;;;ASH_COATED_OSMIUM;XIRECS;9991.0;2
590900;;;ASH_COATED_OSMIUM;XIRECS;10009.0;5
592000;;;INTARIAN_PEPPER_ROOT;XIRECS;13211.0;6
593000;;;INTARIAN_PEPPER_ROOT;XIRECS;13215.0;4
594100;;;ASH_COATED_OSMIUM;XIRECS;9999.0;5
596300;;;ASH_COATED_OSMIUM;XIRECS;9992.0;2
596600;;;ASH_COATED_OSMIUM;XIRECS;10005.0;5
596900;;;ASH_COATED_OSMIUM;XIRECS;9992.0;7
598300;;;INTARIAN_PEPPER_ROOT;XIRECS;13227.0;7
603700;;;ASH_COATED_OSMIUM;XIRECS;10010.0;7
604100;;;ASH_COATED_OSMIUM;XIRECS;10000.0;5
607500;;;INTARIAN_PEPPER_ROOT;XIRECS;13213.0;5
609800;;;ASH_COATED_OSMIUM;XIRECS;9991.0;2
611300;;;INTARIAN_PEPPER_ROOT;XIRECS;13226.0;6
613500;;;ASH_COATED_OSMIUM;XIRECS;10009.0;8
615200;;;ASH_COATED_OSMIUM;XIRECS;10001.0;3
615800;;;INTARIAN_PEPPER_ROOT;XIRECS;13212.0;6
617600;;;ASH_COATED_OSMIUM;XIRECS;10004.0;5
618100;;;ASH_COATED_OSMIUM;XIRECS;10002.0;6
618100;;;ASH_COATED_OSMIUM;XIRECS;10002.0;6
618600;;;INTARIAN_PEPPER_ROOT;XIRECS;13213.0;5
618800;;;INTARIAN_PEPPER_ROOT;XIRECS;13227.0;5
618900;;;ASH_COATED_OSMIUM;XIRECS;10010.0;3
619800;;;ASH_COATED_OSMIUM;XIRECS;9993.0;2
620800;;;INTARIAN_PEPPER_ROOT;XIRECS;13211.0;5
621000;;;INTARIAN_PEPPER_ROOT;XIRECS;13225.0;5
621700;;;INTARIAN_PEPPER_ROOT;XIRECS;13213.0;3
624400;;;INTARIAN_PEPPER_ROOT;XIRECS;13226.0;6
626600;;;ASH_COATED_OSMIUM;XIRECS;10006.0;6
627300;;;ASH_COATED_OSMIUM;XIRECS;10008.0;2
633100;;;INTARIAN_PEPPER_ROOT;XIRECS;13214.0;8
635600;;;INTARIAN_PEPPER_ROOT;XIRECS;13226.0;7
636100;;;ASH_COATED_OSMIUM;XIRECS;10010.0;3
636100;;;ASH_COATED_OSMIUM;XIRECS;9990.0;2
636700;;;INTARIAN_PEPPER_ROOT;XIRECS;13226.0;3
636800;;;ASH_COATED_OSMIUM;XIRECS;10001.0;6
637300;;;ASH_COATED_OSMIUM;XIRECS;9989.0;2
638000;;;INTARIAN_PEPPER_ROOT;XIRECS;13226.0;7
646600;;;INTARIAN_PEPPER_ROOT;XIRECS;13225.0;3
646900;;;ASH_COATED_OSMIUM;XIRECS;9992.0;3
650900;;;INTARIAN_PEPPER_ROOT;XIRECS;13214.0;5
651000;;;ASH_COATED_OSMIUM;XIRECS;9993.0;5
651800;;;INTARIAN_PEPPER_ROOT;XIRECS;13227.0;7
654500;;;ASH_COATED_OSMIUM;XIRECS;10009.0;4
656400;;;ASH_COATED_OSMIUM;XIRECS;10010.0;2
658800;;;ASH_COATED_OSMIUM;XIRECS;9992.0;3
659100;;;ASH_COATED_OSMIUM;XIRECS;9992.0;2
661800;;;INTARIAN_PEPPER_ROOT;XIRECS;13226.0;3
661800;;;ASH_COATED_OSMIUM;XIRECS;10010.0;5
662600;;;ASH_COATED_OSMIUM;XIRECS;9992.0;5
663100;;;ASH_COATED_OSMIUM;XIRECS;10007.0;9
665100;;;INTARIAN_PEPPER_ROOT;XIRECS;13227.0;3
665300;;;INTARIAN_PEPPER_ROOT;XIRECS;13213.0;5
665600;;;INTARIAN_PEPPER_ROOT;XIRECS;13226.0;4
667400;;;ASH_COATED_OSMIUM;XIRECS;9999.0;3
668400;;;ASH_COATED_OSMIUM;XIRECS;10008.0;8
670600;;;ASH_COATED_OSMIUM;XIRECS;10000.0;3
673000;;;ASH_COATED_OSMIUM;XIRECS;9993.0;3
674600;;;INTARIAN_PEPPER_ROOT;XIRECS;13213.0;5
678700;;;INTARIAN_PEPPER_ROOT;XIRECS;13228.0;3
682900;;;INTARIAN_PEPPER_ROOT;XIRECS;13226.0;3
684600;;;ASH_COATED_OSMIUM;XIRECS;10009.0;6
684800;;;ASH_COATED_OSMIUM;XIRECS;10010.0;8
685600;;;ASH_COATED_OSMIUM;XIRECS;10010.0;6
686200;;;INTARIAN_PEPPER_ROOT;XIRECS;13213.0;6
690300;;;INTARIAN_PEPPER_ROOT;XIRECS;13226.0;6
690400;;;ASH_COATED_OSMIUM;XIRECS;10008.0;5
691000;;;ASH_COATED_OSMIUM;XIRECS;10008.0;10
694000;;;ASH_COATED_OSMIUM;XIRECS;10010.0;9
694100;;;ASH_COATED_OSMIUM;XIRECS;10001.0;5
694200;;;INTARIAN_PEPPER_ROOT;XIRECS;13227.0;4
694600;;;INTARIAN_PEPPER_ROOT;XIRECS;13213.0;5
695600;;;ASH_COATED_OSMIUM;XIRECS;10000.0;6
696300;;;INTARIAN_PEPPER_ROOT;XIRECS;13214.0;5
697300;;;ASH_COATED_OSMIUM;XIRECS;10009.0;6
697400;;;INTARIAN_PEPPER_ROOT;XIRECS;13226.0;4
701800;;;ASH_COATED_OSMIUM;XIRECS;9992.0;3
701900;;;INTARIAN_PEPPER_ROOT;XIRECS;13221.0;7
704600;;;ASH_COATED_OSMIUM;XIRECS;10009.0;2
706200;;;ASH_COATED_OSMIUM;XIRECS;10002.0;5
708600;;;ASH_COATED_OSMIUM;XIRECS;10010.0;5
709200;;;INTARIAN_PEPPER_ROOT;XIRECS;13213.0;8
710300;;;ASH_COATED_OSMIUM;XIRECS;10003.0;4
712500;;;INTARIAN_PEPPER_ROOT;XIRECS;13214.0;5
713100;;;INTARIAN_PEPPER_ROOT;XIRECS;13228.0;5
718300;;;ASH_COATED_OSMIUM;XIRECS;9997.0;3
718700;;;ASH_COATED_OSMIUM;XIRECS;9990.0;3
719800;;;INTARIAN_PEPPER_ROOT;XIRECS;13222.0;4
720500;;;INTARIAN_PEPPER_ROOT;XIRECS;13226.0;4
720500;;;ASH_COATED_OSMIUM;XIRECS;10009.0;5
722900;;;ASH_COATED_OSMIUM;XIRECS;9992.0;6
724000;;;ASH_COATED_OSMIUM;XIRECS;10014.0;3
725300;;;INTARIAN_PEPPER_ROOT;XIRECS;13226.0;7
727100;;;ASH_COATED_OSMIUM;XIRECS;9994.0;4
727100;;;ASH_COATED_OSMIUM;XIRECS;10002.0;5
727200;;;INTARIAN_PEPPER_ROOT;XIRECS;13213.0;5
729800;;;ASH_COATED_OSMIUM;XIRECS;9993.0;3
735000;;;ASH_COATED_OSMIUM;XIRECS;10002.0;2
737200;;;ASH_COATED_OSMIUM;XIRECS;10001.0;2
738600;;;ASH_COATED_OSMIUM;XIRECS;9992.0;5
738900;;;INTARIAN_PEPPER_ROOT;XIRECS;13211.0;5
739900;;;ASH_COATED_OSMIUM;XIRECS;9999.0;5
740500;;;ASH_COATED_OSMIUM;XIRECS;9992.0;6
741100;;;ASH_COATED_OSMIUM;XIRECS;9994.0;4
744200;;;INTARIAN_PEPPER_ROOT;XIRECS;13213.0;6
744200;;;ASH_COATED_OSMIUM;XIRECS;9994.0;7
744700;;;ASH_COATED_OSMIUM;XIRECS;10002.0;4
745800;;;ASH_COATED_OSMIUM;XIRECS;9992.0;7
746800;;;ASH_COATED_OSMIUM;XIRECS;10000.0;3
748000;;;ASH_COATED_OSMIUM;XIRECS;9993.0;6
748100;;;ASH_COATED_OSMIUM;XIRECS;9993.0;8
748800;;;INTARIAN_PEPPER_ROOT;XIRECS;13211.0;6
748800;;;ASH_COATED_OSMIUM;XIRECS;9998.0;6
748900;;;ASH_COATED_OSMIUM;XIRECS;9998.0;4
749200;;;INTARIAN_PEPPER_ROOT;XIRECS;13227.0;6
749700;;;ASH_COATED_OSMIUM;XIRECS;9999.0;9
750500;;;INTARIAN_PEPPER_ROOT;XIRECS;13228.0;5
752700;;;ASH_COATED_OSMIUM;XIRECS;10000.0;2
754600;;;ASH_COATED_OSMIUM;XIRECS;9992.0;6
755700;;;ASH_COATED_OSMIUM;XIRECS;10010.0;4
757200;;;ASH_COATED_OSMIUM;XIRECS;10008.0;2
758200;;;ASH_COATED_OSMIUM;XIRECS;10001.0;6
758400;;;ASH_COATED_OSMIUM;XIRECS;10006.0;3
758600;;;INTARIAN_PEPPER_ROOT;XIRECS;13211.0;5
760400;;;INTARIAN_PEPPER_ROOT;XIRECS;13213.0;6
760900;;;INTARIAN_PEPPER_ROOT;XIRECS;13214.0;3
761700;;;ASH_COATED_OSMIUM;XIRECS;10008.0;5
763800;;;ASH_COATED_OSMIUM;XIRECS;10000.0;2
765600;;;INTARIAN_PEPPER_ROOT;XIRECS;13214.0;3
766000;;;INTARIAN_PEPPER_ROOT;XIRECS;13211.0;3
770700;;;INTARIAN_PEPPER_ROOT;XIRECS;13214.0;3
772500;;;INTARIAN_PEPPER_ROOT;XIRECS;13225.0;3
773200;;;INTARIAN_PEPPER_ROOT;XIRECS;13213.0;5
774100;;;INTARIAN_PEPPER_ROOT;XIRECS;13214.0;4
774100;;;INTARIAN_PEPPER_ROOT;XIRECS;13226.0;5
774800;;;INTARIAN_PEPPER_ROOT;XIRECS;13213.0;7
780200;;;ASH_COATED_OSMIUM;XIRECS;9992.0;7
780500;;;INTARIAN_PEPPER_ROOT;XIRECS;13213.0;4
781200;;;INTARIAN_PEPPER_ROOT;XIRECS;13214.0;7
781700;;;INTARIAN_PEPPER_ROOT;XIRECS;13225.0;5
782000;;;INTARIAN_PEPPER_ROOT;XIRECS;13214.0;4
784600;;;INTARIAN_PEPPER_ROOT;XIRECS;13213.0;5
785200;;;ASH_COATED_OSMIUM;XIRECS;9999.0;4
785300;;;ASH_COATED_OSMIUM;XIRECS;10009.0;3
785400;;;ASH_COATED_OSMIUM;XIRECS;10000.0;4
786000;;;INTARIAN_PEPPER_ROOT;XIRECS;13226.0;3
786800;;;INTARIAN_PEPPER_ROOT;XIRECS;13227.0;3
788300;;;INTARIAN_PEPPER_ROOT;XIRECS;13227.0;8
788300;;;ASH_COATED_OSMIUM;XIRECS;10005.0;6
788400;;;ASH_COATED_OSMIUM;XIRECS;10002.0;6
789700;;;ASH_COATED_OSMIUM;XIRECS;9999.0;4
790300;;;INTARIAN_PEPPER_ROOT;XIRECS;13213.0;5
793000;;;INTARIAN_PEPPER_ROOT;XIRECS;13226.0;7
793300;;;ASH_COATED_OSMIUM;XIRECS;10008.0;3
795300;;;INTARIAN_PEPPER_ROOT;XIRECS;13214.0;3
795400;;;ASH_COATED_OSMIUM;XIRECS;9991.0;3
797500;;;INTARIAN_PEPPER_ROOT;XIRECS;13211.0;3
797800;;;INTARIAN_PEPPER_ROOT;XIRECS;13213.0;7
798200;;;ASH_COATED_OSMIUM;XIRECS;10009.0;4
799100;;;ASH_COATED_OSMIUM;XIRECS;10009.0;8
801000;;;INTARIAN_PEPPER_ROOT;XIRECS;13221.0;3
801900;;;INTARIAN_PEPPER_ROOT;XIRECS;13226.0;5
804700;;;INTARIAN_PEPPER_ROOT;XIRECS;13214.0;3
804700;;;ASH_COATED_OSMIUM;XIRECS;10010.0;2
809400;;;INTARIAN_PEPPER_ROOT;XIRECS;13226.0;6
810800;;;ASH_COATED_OSMIUM;XIRECS;9990.0;4
812700;;;INTARIAN_PEPPER_ROOT;XIRECS;13213.0;3
813500;;;INTARIAN_PEPPER_ROOT;XIRECS;13226.0;4
819600;;;INTARIAN_PEPPER_ROOT;XIRECS;13208.0;3
820800;;;INTARIAN_PEPPER_ROOT;XIRECS;13207.0;6
825000;;;ASH_COATED_OSMIUM;XIRECS;9999.0;3
825200;;;INTARIAN_PEPPER_ROOT;XIRECS;13215.0;4
825400;;;ASH_COATED_OSMIUM;XIRECS;10008.0;8
825900;;;INTARIAN_PEPPER_ROOT;XIRECS;13216.0;4
826400;;;INTARIAN_PEPPER_ROOT;XIRECS;13202.0;6
833300;;;INTARIAN_PEPPER_ROOT;XIRECS;13194.0;7
834400;;;INTARIAN_PEPPER_ROOT;XIRECS;13193.0;7
838000;;;ASH_COATED_OSMIUM;XIRECS;10010.0;3
839500;;;ASH_COATED_OSMIUM;XIRECS;9994.0;3
840400;;;INTARIAN_PEPPER_ROOT;XIRECS;13198.0;5
840400;;;INTARIAN_PEPPER_ROOT;XIRECS;13186.0;7
841300;;;INTARIAN_PEPPER_ROOT;XIRECS;13186.0;4
843400;;;INTARIAN_PEPPER_ROOT;XIRECS;13183.0;6
845200;;;ASH_COATED_OSMIUM;XIRECS;9995.0;4
847900;;;ASH_COATED_OSMIUM;XIRECS;9990.0;8
849100;;;ASH_COATED_OSMIUM;XIRECS;10009.0;5
849400;;;ASH_COATED_OSMIUM;XIRECS;10009.0;5
850900;;;INTARIAN_PEPPER_ROOT;XIRECS;13175.0;5
854200;;;INTARIAN_PEPPER_ROOT;XIRECS;13172.0;7
856400;;;INTARIAN_PEPPER_ROOT;XIRECS;13168.0;5
861800;;;INTARIAN_PEPPER_ROOT;XIRECS;13176.0;5
862100;;;ASH_COATED_OSMIUM;XIRECS;10009.0;6
862200;;;ASH_COATED_OSMIUM;XIRECS;10002.0;7
863000;;;ASH_COATED_OSMIUM;XIRECS;10008.0;8
865600;;;INTARIAN_PEPPER_ROOT;XIRECS;13172.0;4
867700;;;INTARIAN_PEPPER_ROOT;XIRECS;13156.0;6
870500;;;INTARIAN_PEPPER_ROOT;XIRECS;13167.0;5
871600;;;INTARIAN_PEPPER_ROOT;XIRECS;13153.0;7
871900;;;INTARIAN_PEPPER_ROOT;XIRECS;13153.0;3
874200;;;ASH_COATED_OSMIUM;XIRECS;10007.0;7
876800;;;INTARIAN_PEPPER_ROOT;XIRECS;13162.0;8
877200;;;INTARIAN_PEPPER_ROOT;XIRECS;13147.0;8
877600;;;ASH_COATED_OSMIUM;XIRECS;10009.0;6
878500;;;ASH_COATED_OSMIUM;XIRECS;10002.0;10
880000;;;ASH_COATED_OSMIUM;XIRECS;10010.0;7
881000;;;INTARIAN_PEPPER_ROOT;XIRECS;13142.0;4
882000;;;ASH_COATED_OSMIUM;XIRECS;9991.0;4
882800;;;INTARIAN_PEPPER_ROOT;XIRECS;13141.0;3
883900;;;ASH_COATED_OSMIUM;XIRECS;10000.0;6
884700;;;INTARIAN_PEPPER_ROOT;XIRECS;13139.0;5
887600;;;ASH_COATED_OSMIUM;XIRECS;9993.0;5
888200;;;ASH_COATED_OSMIUM;XIRECS;10010.0;9
889000;;;INTARIAN_PEPPER_ROOT;XIRECS;13132.0;7
889200;;;ASH_COATED_OSMIUM;XIRECS;9999.0;3
891200;;;INTARIAN_PEPPER_ROOT;XIRECS;13146.0;5
891600;;;ASH_COATED_OSMIUM;XIRECS;10000.0;2
892800;;;INTARIAN_PEPPER_ROOT;XIRECS;13129.0;7
894100;;;INTARIAN_PEPPER_ROOT;XIRECS;13128.0;6
894100;;;ASH_COATED_OSMIUM;XIRECS;10008.0;4
894800;;;ASH_COATED_OSMIUM;XIRECS;9992.0;4
894900;;;ASH_COATED_OSMIUM;XIRECS;10002.0;7
901400;;;ASH_COATED_OSMIUM;XIRECS;10000.0;6
901700;;;ASH_COATED_OSMIUM;XIRECS;9991.0;3
902600;;;INTARIAN_PEPPER_ROOT;XIRECS;13119.0;3
904400;;;ASH_COATED_OSMIUM;XIRECS;9994.0;3
905200;;;ASH_COATED_OSMIUM;XIRECS;9994.0;4
906000;;;INTARIAN_PEPPER_ROOT;XIRECS;13129.0;5
907400;;;INTARIAN_PEPPER_ROOT;XIRECS;13126.0;6
907500;;;INTARIAN_PEPPER_ROOT;XIRECS;13114.0;5
910000;;;ASH_COATED_OSMIUM;XIRECS;10006.0;3
911800;;;INTARIAN_PEPPER_ROOT;XIRECS;13121.0;7
912300;;;INTARIAN_PEPPER_ROOT;XIRECS;13109.0;4
912600;;;INTARIAN_PEPPER_ROOT;XIRECS;13107.0;4
915300;;;ASH_COATED_OSMIUM;XIRECS;9991.0;5
915900;;;ASH_COATED_OSMIUM;XIRECS;10010.0;5
915900;;;ASH_COATED_OSMIUM;XIRECS;10010.0;3
916400;;;INTARIAN_PEPPER_ROOT;XIRECS;13116.0;3
918400;;;ASH_COATED_OSMIUM;XIRECS;10008.0;5
921000;;;ASH_COATED_OSMIUM;XIRECS;10002.0;5
921300;;;ASH_COATED_OSMIUM;XIRECS;9995.0;4
922500;;;INTARIAN_PEPPER_ROOT;XIRECS;13110.0;7
923900;;;ASH_COATED_OSMIUM;XIRECS;10010.0;3
925300;;;INTARIAN_PEPPER_ROOT;XIRECS;13109.0;7
926400;;;INTARIAN_PEPPER_ROOT;XIRECS;13098.0;6
926500;;;ASH_COATED_OSMIUM;XIRECS;10000.0;5
926700;;;ASH_COATED_OSMIUM;XIRECS;9992.0;3
928100;;;INTARIAN_PEPPER_ROOT;XIRECS;13094.0;3
932300;;;INTARIAN_PEPPER_ROOT;XIRECS;13087.0;7
933300;;;INTARIAN_PEPPER_ROOT;XIRECS;13085.0;5
933800;;;ASH_COATED_OSMIUM;XIRECS;10007.0;4
934800;;;ASH_COATED_OSMIUM;XIRECS;10008.0;2
934900;;;ASH_COATED_OSMIUM;XIRECS;10010.0;3
937900;;;INTARIAN_PEPPER_ROOT;XIRECS;13093.0;6
938500;;;ASH_COATED_OSMIUM;XIRECS;9991.0;6
939900;;;ASH_COATED_OSMIUM;XIRECS;9995.0;4
941100;;;INTARIAN_PEPPER_ROOT;XIRECS;13078.0;3
941500;;;INTARIAN_PEPPER_ROOT;XIRECS;13077.0;8
941900;;;ASH_COATED_OSMIUM;XIRECS;10003.0;4
942800;;;INTARIAN_PEPPER_ROOT;XIRECS;13088.0;7
943800;;;INTARIAN_PEPPER_ROOT;XIRECS;13089.0;7
944400;;;INTARIAN_PEPPER_ROOT;XIRECS;13074.0;7
945200;;;INTARIAN_PEPPER_ROOT;XIRECS;13085.0;3
945200;;;INTARIAN_PEPPER_ROOT;XIRECS;13085.0;5
947600;;;ASH_COATED_OSMIUM;XIRECS;10009.0;8
947800;;;ASH_COATED_OSMIUM;XIRECS;10008.0;3
948600;;;INTARIAN_PEPPER_ROOT;XIRECS;13068.0;5
949300;;;ASH_COATED_OSMIUM;XIRECS;9993.0;4
950500;;;ASH_COATED_OSMIUM;XIRECS;9990.0;6
951600;;;INTARIAN_PEPPER_ROOT;XIRECS;13065.0;7
952200;;;INTARIAN_PEPPER_ROOT;XIRECS;13079.0;8
954600;;;ASH_COATED_OSMIUM;XIRECS;9992.0;2
955800;;;INTARIAN_PEPPER_ROOT;XIRECS;13075.0;6
961900;;;INTARIAN_PEPPER_ROOT;XIRECS;13067.0;5
962000;;;INTARIAN_PEPPER_ROOT;XIRECS;13067.0;3
962400;;;ASH_COATED_OSMIUM;XIRECS;9992.0;5
964500;;;ASH_COATED_OSMIUM;XIRECS;9992.0;5
966900;;;INTARIAN_PEPPER_ROOT;XIRECS;13049.0;5
967700;;;ASH_COATED_OSMIUM;XIRECS;9992.0;4
968100;;;ASH_COATED_OSMIUM;XIRECS;9991.0;6
968400;;;ASH_COATED_OSMIUM;XIRECS;9992.0;6
971500;;;INTARIAN_PEPPER_ROOT;XIRECS;13043.0;4
972900;;;ASH_COATED_OSMIUM;XIRECS;9999.0;3
973000;;;INTARIAN_PEPPER_ROOT;XIRECS;13042.0;3
973200;;;INTARIAN_PEPPER_ROOT;XIRECS;13056.0;4
975800;;;INTARIAN_PEPPER_ROOT;XIRECS;13051.0;4
978400;;;INTARIAN_PEPPER_ROOT;XIRECS;13046.0;5
979100;;;ASH_COATED_OSMIUM;XIRECS;9992.0;7
985200;;;INTARIAN_PEPPER_ROOT;XIRECS;13044.0;3
986400;;;INTARIAN_PEPPER_ROOT;XIRECS;13040.0;7
986900;;;ASH_COATED_OSMIUM;XIRECS;9998.0;6
990500;;;INTARIAN_PEPPER_ROOT;XIRECS;13036.0;5
990600;;;INTARIAN_PEPPER_ROOT;XIRECS;13024.0;7
990700;;;ASH_COATED_OSMIUM;XIRECS;10008.0;7
991100;;;INTARIAN_PEPPER_ROOT;XIRECS;13024.0;5
993000;;;INTARIAN_PEPPER_ROOT;XIRECS;13021.0;7
994500;;;INTARIAN_PEPPER_ROOT;XIRECS;13031.0;3
997600;;;INTARIAN_PEPPER_ROOT;XIRECS;13016.0;6
997600;;;ASH_COATED_OSMIUM;XIRECS;10009.0;3
999600;;;INTARIAN_PEPPER_ROOT;XIRECS;13012.0;7
999600;;;ASH_COATED_OSMIUM;XIRECS;10009.0;3
999700;;;INTARIAN_PEPPER_ROOT;XIRECS;13026.0;3
999700;;;ASH_COATED_OSMIUM;XIRECS;10009.0;10
999800;;;ASH_COATED_OSMIUM;XIRECS;9993.0;2