timestamp;buyer;seller;symbol;currency;price;quantity
400;;;ASH_COATED_OSMIUM;XIRECS;9992.0;4
1400;;;ASH_COATED_OSMIUM;XIRECS;10001.0;4
4900;;;ASH_COATED_OSMIUM;XIRECS;10009.0;5
6100;;;INTARIAN_PEPPER_ROOT;XIRECS;12978.0;2
7200;;;ASH_COATED_OSMIUM;XIRECS;10000.0;9
8100;;;ASH_COATED_OSMIUM;XIRECS;10011.0;3
10300;;;ASH_COATED_OSMIUM;XIRECS;10009.0;3
10600;;;ASH_COATED_OSMIUM;XIRECS;10010.0;6
10900;;;INTARIAN_PEPPER_ROOT;XIRECS;12980.0;8
11500;;;ASH_COATED_OSMIUM;XIRECS;10012.0;6
12000;;;ASH_COATED_OSMIUM;XIRECS;9991.0;9
13100;;;INTARIAN_PEPPER_ROOT;XIRECS;12971.0;5
13800;;;ASH_COATED_OSMIUM;XIRECS;9991.0;2
13800;;;ASH_COATED_OSMIUM;XIRECS;10008.0;5
18500;;;ASH_COATED_OSMIUM;XIRECS;10002.0;10
19200;;;INTARIAN_PEPPER_ROOT;XIRECS;12954.0;6
19900;;;INTARIAN_PEPPER_ROOT;XIRECS;12952.0;3
20000;;;ASH_COATED_OSMIUM;XIRECS;9991.0;6
20800;;;ASH_COATED_OSMIUM;XIRECS;10005.0;4
24500;;;INTARIAN_PEPPER_ROOT;XIRECS;12935.0;5
25900;;;ASH_COATED_OSMIUM;XIRECS;10009.0;4
27400;;;INTARIAN_PEPPER_ROOT;XIRECS;12916.0;6
29100;;;ASH_COATED_OSMIUM;XIRECS;10008.0;3
31300;;;INTARIAN_PEPPER_ROOT;XIRECS;12908.0;5
32600;;;ASH_COATED_OSMIUM;XIRECS;9994.0;3
43900;;;INTARIAN_PEPPER_ROOT;XIRECS;12872.0;8
45100;;;ASH_COATED_OSMIUM;XIRECS;9993.0;6
45800;;;INTARIAN_PEPPER_ROOT;XIRECS;12868.0;7
49300;;;ASH_COATED_OSMIUM;XIRECS;9992.0;2
49800;;;ASH_COATED_OSMIUM;XIRECS;10008.0;3
51100;;;ASH_COATED_OSMIUM;XIRECS;10001.0;3
51900;;;ASH_COATED_OSMIUM;XIRECS;9993.0;2
52100;;;INTARIAN_PEPPER_ROOT;XIRECS;12848.0;4
52500;;;ASH_COATED_OSMIUM;XIRECS;9991.0;7
55500;;;ASH_COATED_OSMIUM;XIRECS;9995.0;5
56100;;;ASH_COATED_OSMIUM;XIRECS;10008.0;10
57800;;;ASH_COATED_OSMIUM;XIRECS;9993.0;9
58700;;;ASH_COATED_OSMIUM;XIRECS;10000.0;5
59000;;;INTARIAN_PEPPER_ROOT;XIRECS;12843.0;4
62200;;;ASH_COATED_OSMIUM;XIRECS;10009.0;5
62700;;;INTARIAN_PEPPER_ROOT;XIRECS;12819.0;5
64700;;;ASH_COATED_OSMIUM;XIRECS;10010.0;10
66300;;;INTARIAN_PEPPER_ROOT;XIRECS;12810.0;5
67200;;;ASH_COATED_OSMIUM;XIRECS;9992.0;6
69900;;;INTARIAN_PEPPER_ROOT;XIRECS;12799.0;3
71100;;;INTARIAN_PEPPER_ROOT;XIRECS;12796.0;6
71900;;;INTARIAN_PEPPER_ROOT;XIRECS;12793.0;5
72600;;;ASH_COATED_OSMIUM;XIRECS;9992.0;5
73000;;;ASH_COATED_OSMIUM;XIRECS;10006.0;5
73000;;;ASH_COATED_OSMIUM;XIRECS;10006.0;5
75500;;;INTARIAN_PEPPER_ROOT;XIRECS;12792.0;7
75700;;;INTARIAN_PEPPER_ROOT;XIRECS;12784.0;5
76300;;;INTARIAN_PEPPER_ROOT;XIRECS;12782.0;7
79000;;;INTARIAN_PEPPER_ROOT;XIRECS;12773.0;4
81600;;;ASH_COATED_OSMIUM;XIRECS;9991.0;4
81800;;;INTARIAN_PEPPER_ROOT;XIRECS;12777.0;5
82200;;;INTARIAN_PEPPER_ROOT;XIRECS;12764.0;6
82700;;;ASH_COATED_OSMIUM;XIRECS;9999.0;4
85300;;;ASH_COATED_OSMIUM;XIRECS;10009.0;6
85900;;;ASH_COATED_OSMIUM;XIRECS;9998.0;5
87600;;;ASH_COATED_OSMIUM;XIRECS;9992.0;6
87900;;;INTARIAN_PEPPER_ROOT;XIRECS;12762.0;7
90900;;;INTARIAN_PEPPER_ROOT;XIRECS;12740.0;6
91300;;;INTARIAN_PEPPER_ROOT;XIRECS;12738.0;4
91500;;;ASH_COATED_OSMIUM;XIRECS;9992.0;3
93800;;;INTARIAN_PEPPER_ROOT;XIRECS;12743.0;4
95000;;;ASH_COATED_OSMIUM;XIRECS;10009.0;8
96200;;;ASH_COATED_OSMIUM;XIRECS;9991.0;3
97300;;;INTARIAN_PEPPER_ROOT;XIRECS;12722.0;6
97700;;;INTARIAN_PEPPER_ROOT;XIRECS;12720.0;6
101800;;;ASH_COATED_OSMIUM;XIRECS;10009.0;5
104000;;;INTARIAN_PEPPER_ROOT;XIRECS;12702.0;5
104300;;;ASH_COATED_OSMIUM;XIRECS;9991.0;4
104400;;;ASH_COATED_OSMIUM;XIRECS;9999.0;6
104500;;;ASH_COATED_OSMIUM;XIRECS;10007.0;6
105800;;;INTARIAN_PEPPER_ROOT;XIRECS;12697.0;4
107600;;;INTARIAN_PEPPER_ROOT;XIRECS;12705.0;5
108200;;;ASH_COATED_OSMIUM;XIRECS;10005.0;3
108200;;;ASH_COATED_OSMIUM;XIRECS;9994.0;4
109700;;;INTARIAN_PEPPER_ROOT;XIRECS;12700.0;3
109800;;;ASH_COATED_OSMIUM;XIRECS;10008.0;4
110200;;;INTARIAN_PEPPER_ROOT;XIRECS;12685.0;6
111100;;;INTARIAN_PEPPER_ROOT;XIRECS;12683.0;7
113300;;;ASH_COATED_OSMIUM;XIRECS;10000.0;6
115300;;;INTARIAN_PEPPER_ROOT;XIRECS;12671.0;3
115300;;;INTARIAN_PEPPER_ROOT;XIRECS;12684.0;6
116400;;;ASH_COATED_OSMIUM;XIRECS;10001.0;3
117200;;;ASH_COATED_OSMIUM;XIRECS;10007.0;3
117900;;;INTARIAN_PEPPER_ROOT;XIRECS;12676.0;6
118800;;;ASH_COATED_OSMIUM;XIRECS;10008.0;5
119400;;;ASH_COATED_OSMIUM;XIRECS;10000.0;5
120000;;;ASH_COATED_OSMIUM;XIRECS;9999.0;3
120600;;;ASH_COATED_OSMIUM;XIRECS;9991.0;4
120900;;;ASH_COATED_OSMIUM;XIRECS;10009.0;9
121000;;;ASH_COATED_OSMIUM;XIRECS;10008.0;3
121500;;;INTARIAN_PEPPER_ROOT;XIRECS;12654.0;6
121600;;;INTARIAN_PEPPER_ROOT;XIRECS;12654.0;6
126400;;;INTARIAN_PEPPER_ROOT;XIRECS;12641.0;5
126400;;;INTARIAN_PEPPER_ROOT;XIRECS;12641.0;4
127400;;;ASH_COATED_OSMIUM;XIRECS;10007.0;2
134100;;;ASH_COATED_OSMIUM;XIRECS;9994.0;3
136700;;;INTARIAN_PEPPER_ROOT;XIRECS;12625.0;6
137300;;;ASH_COATED_OSMIUM;XIRECS;9990.0;4
137500;;;INTARIAN_PEPPER_ROOT;XIRECS;12621.0;5
139400;;;ASH_COATED_OSMIUM;XIRECS;9992.0;5
140300;;;INTARIAN_PEPPER_ROOT;XIRECS;12601.0;4
141300;;;INTARIAN_PEPPER_ROOT;XIRECS;12612.0;5
141900;;;INTARIAN_PEPPER_ROOT;XIRECS;12609.0;3
142300;;;ASH_COATED_OSMIUM;XIRECS;10000.0;6
143900;;;INTARIAN_PEPPER_ROOT;XIRECS;12605.0;4
144400;;;ASH_COATED_OSMIUM;XIRECS;9999.0;6
145100;;;ASH_COATED_OSMIUM;XIRECS;9989.0;5
146000;;;INTARIAN_PEPPER_ROOT;XIRECS;12586.0;5
146100;;;INTARIAN_PEPPER_ROOT;XIRECS;12586.0;4
146500;;;INTARIAN_PEPPER_ROOT;XIRECS;12597.0;7
147200;;;ASH_COATED_OSMIUM;XIRECS;10007.0;5
147300;;;ASH_COATED_OSMIUM;XIRECS;10008.0;5
148700;;;INTARIAN_PEPPER_ROOT;XIRECS;12589.0;3
149700;;;INTARIAN_PEPPER_ROOT;XIRECS;12587.0;4
151800;;;ASH_COATED_OSMIUM;XIRECS;10003.0;2
153700;;;ASH_COATED_OSMIUM;XIRECS;10001.0;5
154700;;;ASH_COATED_OSMIUM;XIRECS;10000.0;3
155600;;;ASH_COATED_OSMIUM;XIRECS;9990.0;2
158600;;;ASH_COATED_OSMIUM;XIRECS;9989.0;3
159400;;;INTARIAN_PEPPER_ROOT;XIRECS;12548.0;6
159700;;;ASH_COATED_OSMIUM;XIRECS;9999.0;2
160400;;;ASH_COATED_OSMIUM;XIRECS;10007.0;4
161200;;;INTARIAN_PEPPER_ROOT;XIRECS;12542.0;6
164100;;;INTARIAN_PEPPER_ROOT;XIRECS;12538.0;3
165900;;;ASH_COATED_OSMIUM;XIRECS;10002.0;3
169400;;;ASH_COATED_OSMIUM;XIRECS;9992.0;2
172000;;;INTARIAN_PEPPER_ROOT;XIRECS;12551.0;6
172200;;;INTARIAN_PEPPER_ROOT;XIRECS;12550.0;4
172500;;;ASH_COATED_OSMIUM;XIRECS;10009.0;10
173400;;;INTARIAN_PEPPER_ROOT;XIRECS;12537.0;5
173700;;;ASH_COATED_OSMIUM;XIRECS;10010.0;2
175000;;;INTARIAN_PEPPER_ROOT;XIRECS;12549.0;7
175900;;;ASH_COATED_OSMIUM;XIRECS;9994.0;6
178000;;;INTARIAN_PEPPER_ROOT;XIRECS;12550.0;4
180000;;;ASH_COATED_OSMIUM;XIRECS;9999.0;7
181500;;;ASH_COATED_OSMIUM;XIRECS;10000.0;4
182900;;;ASH_COATED_OSMIUM;XIRECS;10011.0;5
184200;;;ASH_COATED_OSMIUM;XIRECS;10001.0;5
185400;;;ASH_COATED_OSMIUM;XIRECS;9992.0;2
185700;;;ASH_COATED_OSMIUM;XIRECS;10001.0;9
185800;;;ASH_COATED_OSMIUM;XIRECS;10003.0;3
188600;;;ASH_COATED_OSMIUM;XIRECS;10002.0;5
189200;;;INTARIAN_PEPPER_ROOT;XIRECS;12549.0;5
190100;;;INTARIAN_PEPPER_ROOT;XIRECS;12545.0;4
192700;;;ASH_COATED_OSMIUM;XIRECS;9999.0;6
195200;;;INTARIAN_PEPPER_ROOT;XIRECS;12532.0;6
199000;;;ASH_COATED_OSMIUM;XIRECS;10004.0;6
200400;;;INTARIAN_PEPPER_ROOT;XIRECS;12531.0;3
201300;;;INTARIAN_PEPPER_ROOT;XIRECS;12529.0;4
202200;;;INTARIAN_PEPPER_ROOT;XIRECS;12543.0;5
206400;;;INTARIAN_PEPPER_ROOT;XIRECS;12527.0;7
209000;;;INTARIAN_PEPPER_ROOT;XIRECS;12541.0;4
209700;;;INTARIAN_PEPPER_ROOT;XIRECS;12526.0;8
211700;;;INTARIAN_PEPPER_ROOT;XIRECS;12527.0;7
213000;;;ASH_COATED_OSMIUM;XIRECS;10009.0;5
213700;;;ASH_COATED_OSMIUM;XIRECS;10000.0;4
216600;;;INTARIAN_PEPPER_ROOT;XIRECS;12539.0;7
217200;;;ASH_COATED_OSMIUM;XIRECS;10009.0;5
220300;;;INTARIAN_PEPPER_ROOT;XIRECS;12526.0;6
221000;;;ASH_COATED_OSMIUM;XIRECS;10009.0;10
221700;;;ASH_COATED_OSMIUM;XIRECS;9993.0;8
223500;;;ASH_COATED_OSMIUM;XIRECS;9993.0;3
225100;;;ASH_COATED_OSMIUM;XIRECS;10009.0;9
225600;;;INTARIAN_PEPPER_ROOT;XIRECS;12538.0;5
226900;;;INTARIAN_PEPPER_ROOT;XIRECS;12539.0;3
229000;;;INTARIAN_PEPPER_ROOT;XIRECS;12537.0;4
229000;;;ASH_COATED_OSMIUM;XIRECS;10002.0;4
232600;;;ASH_COATED_OSMIUM;XIRECS;10000.0;2
232600;;;ASH_COATED_OSMIUM;XIRECS;10008.0;3
233100;;;INTARIAN_PEPPER_ROOT;XIRECS;12523.0;6
237400;;;INTARIAN_PEPPER_ROOT;XIRECS;12522.0;7
238500;;;ASH_COATED_OSMIUM;XIRECS;9995.0;7
239100;;;ASH_COATED_OSMIUM;XIRECS;9988.0;9
239300;;;INTARIAN_PEPPER_ROOT;XIRECS;12523.0;6
239500;;;INTARIAN_PEPPER_ROOT;XIRECS;12522.0;4
242100;;;ASH_COATED_OSMIUM;XIRECS;10002.0;6
243100;;;ASH_COATED_OSMIUM;XIRECS;9992.0;4
245200;;;ASH_COATED_OSMIUM;XIRECS;10001.0;7
245900;;;INTARIAN_PEPPER_ROOT;XIRECS;12533.0;3
246200;;;INTARIAN_PEPPER_ROOT;XIRECS;12535.0;5
247000;;;ASH_COATED_OSMIUM;XIRECS;10001.0;3
248000;;;ASH_COATED_OSMIUM;XIRECS;10011.0;5
248700;;;ASH_COATED_OSMIUM;XIRECS;9993.0;6
251400;;;INTARIAN_PEPPER_ROOT;XIRECS;12527.0;7
252800;;;ASH_COATED_OSMIUM;XIRECS;9993.0;6
255000;;;INTARIAN_PEPPER_ROOT;XIRECS;12516.0;3
255500;;;ASH_COATED_OSMIUM;XIRECS;10001.0;4
259600;;;INTARIAN_PEPPER_ROOT;XIRECS;12530.0;4
261000;;;INTARIAN_PEPPER_ROOT;XIRECS;12516.0;3
261000;;;ASH_COATED_OSMIUM;XIRECS;10001.0;4
261500;;;INTARIAN_PEPPER_ROOT;XIRECS;12517.0;3
268300;;;ASH_COATED_OSMIUM;XIRECS;9992.0;5
268400;;;INTARIAN_PEPPER_ROOT;XIRECS;12528.0;4
268900;;;INTARIAN_PEPPER_ROOT;XIRECS;12528.0;7
270300;;;ASH_COATED_OSMIUM;XIRECS;10008.0;7
271400;;;INTARIAN_PEPPER_ROOT;XIRECS;12514.0;4
276100;;;ASH_COATED_OSMIUM;XIRECS;10001.0;4
277400;;;ASH_COATED_OSMIUM;XIRECS;10000.0;10
278700;;;INTARIAN_PEPPER_ROOT;XIRECS;12526.0;6
279100;;;ASH_COATED_OSMIUM;XIRECS;9993.0;7
281600;;;ASH_COATED_OSMIUM;XIRECS;9998.0;8
282500;;;INTARIAN_PEPPER_ROOT;XIRECS;12525.0;6
282800;;;INTARIAN_PEPPER_ROOT;XIRECS;12510.0;5
283200;;;ASH_COATED_OSMIUM;XIRECS;9992.0;6
283800;;;INTARIAN_PEPPER_ROOT;XIRECS;12513.0;8
285100;;;INTARIAN_PEPPER_ROOT;XIRECS;12525.0;7
287400;;;ASH_COATED_OSMIUM;XIRECS;10009.0;6
288300;;;ASH_COATED_OSMIUM;XIRECS;9992.0;7
290100;;;INTARIAN_PEPPER_ROOT;XIRECS;12525.0;6
292400;;;ASH_COATED_OSMIUM;XIRECS;10001.0;8
292500;;;ASH_COATED_OSMIUM;XIRECS;10001.0;5
293500;;;INTARIAN_PEPPER_ROOT;XIRECS;12524.0;7
294100;;;INTARIAN_PEPPER_ROOT;XIRECS;12523.0;8
294900;;;INTARIAN_PEPPER_ROOT;XIRECS;12509.0;5
295300;;;ASH_COATED_OSMIUM;XIRECS;10009.0;6
296600;;;INTARIAN_PEPPER_ROOT;XIRECS;12510.0;6
301100;;;INTARIAN_PEPPER_ROOT;XIRECS;12522.0;6
304800;;;ASH_COATED_OSMIUM;XIRECS;9991.0;6
306300;;;ASH_COATED_OSMIUM;XIRECS;9992.0;6
309600;;;INTARIAN_PEPPER_ROOT;XIRECS;12519.0;4
309800;;;ASH_COATED_OSMIUM;XIRECS;10009.0;6
310100;;;INTARIAN_PEPPER_ROOT;XIRECS;12506.0;6
310400;;;ASH_COATED_OSMIUM;XIRECS;10002.0;5
311600;;;ASH_COATED_OSMIUM;XIRECS;9991.0;3
313100;;;ASH_COATED_OSMIUM;XIRECS;9993.0;3
314600;;;INTARIAN_PEPPER_ROOT;XIRECS;12506.0;7
315600;;;INTARIAN_PEPPER_ROOT;XIRECS;12518.0;3
316000;;;ASH_COATED_OSMIUM;XIRECS;9993.0;5
316200;;;INTARIAN_PEPPER_ROOT;XIRECS;12506.0;3
316300;;;INTARIAN_PEPPER_ROOT;XIRECS;12519.0;7
316600;;;ASH_COATED_OSMIUM;XIRECS;10001.0;5
316700;;;ASH_COATED_OSMIUM;XIRECS;10011.0;5
317000;;;ASH_COATED_OSMIUM;XIRECS;9992.0;3
317100;;;INTARIAN_PEPPER_ROOT;XIRECS;12520.0;8
317300;;;INTARIAN_PEPPER_ROOT;XIRECS;12510.0;7
317500;;;ASH_COATED_OSMIUM;XIRECS;9992.0;5
319400;;;INTARIAN_PEPPER_ROOT;XIRECS;12517.0;6
319600;;;INTARIAN_PEPPER_ROOT;XIRECS;12517.0;3
322000;;;ASH_COATED_OSMIUM;XIRECS;10008.0;9
322200;;;ASH_COATED_OSMIUM;XIRECS;10003.0;5
323800;;;INTARIAN_PEPPER_ROOT;XIRECS;12503.0;4
324500;;;ASH_COATED_OSMIUM;XIRECS;10002.0;2
327100;;;ASH_COATED_OSMIUM;XIRECS;9992.0;5
327900;;;ASH_COATED_OSMIUM;XIRECS;10012.0;5
328300;;;INTARIAN_PEPPER_ROOT;XIRECS;12503.0;3
329100;;;ASH_COATED_OSMIUM;XIRECS;10010.0;2
329400;;;INTARIAN_PEPPER_ROOT;XIRECS;12514.0;5
329800;;;INTARIAN_PEPPER_ROOT;XIRECS;12502.0;4
331400;;;ASH_COATED_OSMIUM;XIRECS;10008.0;9
333600;;;INTARIAN_PEPPER_ROOT;XIRECS;12506.0;7
333900;;;INTARIAN_PEPPER_ROOT;XIRECS;12513.0;6
336200;;;ASH_COATED_OSMIUM;XIRECS;10007.0;9
340600;;;ASH_COATED_OSMIUM;XIRECS;10000.0;7
344200;;;ASH_COATED_OSMIUM;XIRECS;9993.0;5
346100;;;INTARIAN_PEPPER_ROOT;XIRECS;12512.0;5
348500;;;ASH_COATED_OSMIUM;XIRECS;9992.0;3
352200;;;ASH_COATED_OSMIUM;XIRECS;10003.0;7
352600;;;ASH_COATED_OSMIUM;XIRECS;9991.0;3
353700;;;ASH_COATED_OSMIUM;XIRECS;10007.0;3
355100;;;ASH_COATED_OSMIUM;XIRECS;9992.0;10
355300;;;INTARIAN_PEPPER_ROOT;XIRECS;12509.0;6
355400;;;INTARIAN_PEPPER_ROOT;XIRECS;12497.0;7
355800;;;INTARIAN_PEPPER_ROOT;XIRECS;12510.0;3
361000;;;INTARIAN_PEPPER_ROOT;XIRECS;12509.0;4
361200;;;INTARIAN_PEPPER_ROOT;XIRECS;12508.0;3
361700;;;ASH_COATED_OSMIUM;XIRECS;9993.0;2
366300;;;INTARIAN_PEPPER_ROOT;XIRECS;12494.0;4
366400;;;INTARIAN_PEPPER_ROOT;XIRECS;12494.0;7
369800;;;ASH_COATED_OSMIUM;XIRECS;10009.0;5
369900;;;INTARIAN_PEPPER_ROOT;XIRECS;12506.0;3
371900;;;INTARIAN_PEPPER_ROOT;XIRECS;12493.0;8
372600;;;ASH_COATED_OSMIUM;XIRECS;10008.0;3
372900;;;INTARIAN_PEPPER_ROOT;XIRECS;12493.0;6
373500;;;INTARIAN_PEPPER_ROOT;XIRECS;12493.0;4
375600;;;ASH_COATED_OSMIUM;XIRECS;10007.0;8
376500;;;ASH_COATED_OSMIUM;XIRECS;9989.0;6
376700;;;ASH_COATED_OSMIUM;XIRECS;10010.0;6
378000;;;INTARIAN_PEPPER_ROOT;XIRECS;12505.0;7
378700;;;INTARIAN_PEPPER_ROOT;XIRECS;12504.0;5
379900;;;ASH_COATED_OSMIUM;XIRECS;10002.0;5
381800;;;INTARIAN_PEPPER_ROOT;XIRECS;12504.0;3
381900;;;ASH_COATED_OSMIUM;XIRECS;9991.0;5
381900;;;ASH_COATED_OSMIUM;XIRECS;10010.0;3
383700;;;ASH_COATED_OSMIUM;XIRECS;10001.0;9
383800;;;INTARIAN_PEPPER_ROOT;XIRECS;12503.0;4
387400;;;INTARIAN_PEPPER_ROOT;XIRECS;12503.0;7
388400;;;ASH_COATED_OSMIUM;XIRECS;10008.0;5
388800;;;ASH_COATED_OSMIUM;XIRECS;10000.0;6
389400;;;INTARIAN_PEPPER_ROOT;XIRECS;12504.0;3
395900;;;ASH_COATED_OSMIUM;XIRECS;9999.0;2
396000;;;ASH_COATED_OSMIUM;XIRECS;10001.0;3
396700;;;INTARIAN_PEPPER_ROOT;XIRECS;12488.0;6
397800;;;INTARIAN_PEPPER_ROOT;XIRECS;12487.0;3
399100;;;INTARIAN_PEPPER_ROOT;XIRECS;12485.0;6
399400;;;INTARIAN_PEPPER_ROOT;XIRECS;12500.0;7
399700;;;INTARIAN_PEPPER_ROOT;XIRECS;12499.0;4
399700;;;ASH_COATED_OSMIUM;XIRECS;10000.0;8
400700;;;ASH_COATED_OSMIUM;XIRECS;10009.0;6
401800;;;INTARIAN_PEPPER_ROOT;XIRECS;12499.0;3
403000;;;INTARIAN_PEPPER_ROOT;XIRECS;12484.0;5
403100;;;INTARIAN_PEPPER_ROOT;XIRECS;12499.0;3
403800;;;ASH_COATED_OSMIUM;XIRECS;9999.0;6
405000;;;ASH_COATED_OSMIUM;XIRECS;9992.0;10
412700;;;INTARIAN_PEPPER_ROOT;XIRECS;12483.0;4
414700;;;ASH_COATED_OSMIUM;XIRECS;10009.0;6
415100;;;ASH_COATED_OSMIUM;XIRECS;10011.0;2
416800;;;INTARIAN_PEPPER_ROOT;XIRECS;12496.0;6
419200;;;ASH_COATED_OSMIUM;XIRECS;10002.0;5
420400;;;ASH_COATED_OSMIUM;XIRECS;9992.0;8
420600;;;ASH_COATED_OSMIUM;XIRECS;9994.0;10
421000;;;INTARIAN_PEPPER_ROOT;XIRECS;12496.0;3
424100;;;ASH_COATED_OSMIUM;XIRECS;9993.0;3
424400;;;INTARIAN_PEPPER_ROOT;XIRECS;12481.0;7
425000;;;ASH_COATED_OSMIUM;XIRECS;10000.0;6
429200;;;ASH_COATED_OSMIUM;XIRECS;10009.0;3
430100;;;ASH_COATED_OSMIUM;XIRECS;10009.0;5
431700;;;ASH_COATED_OSMIUM;XIRECS;9989.0;8
432600;;;INTARIAN_PEPPER_ROOT;XIRECS;12493.0;7
434200;;;INTARIAN_PEPPER_ROOT;XIRECS;12485.0;4
434900;;;INTARIAN_PEPPER_ROOT;XIRECS;12479.0;3
435700;;;ASH_COATED_OSMIUM;XIRECS;9992.0;3
436300;;;ASH_COATED_OSMIUM;XIRECS;9991.0;6
437000;;;INTARIAN_PEPPER_ROOT;XIRECS;12478.0;7
437200;;;ASH_COATED_OSMIUM;XIRECS;10008.0;4
438000;;;INTARIAN_PEPPER_ROOT;XIRECS;12492.0;4
438200;;;ASH_COATED_OSMIUM;XIRECS;10008.0;5
438200;;;ASH_COATED_OSMIUM;XIRECS;9992.0;3
439100;;;INTARIAN_PEPPER_ROOT;XIRECS;12479.0;4
440000;;;ASH_COATED_OSMIUM;XIRECS;9991.0;7
441200;;;ASH_COATED_OSMIUM;XIRECS;9993.0;3
442100;;;INTARIAN_PEPPER_ROOT;XIRECS;12478.0;4
444100;;;ASH_COATED_OSMIUM;XIRECS;9993.0;5
444500;;;ASH_COATED_OSMIUM;XIRECS;9994.0;5
445800;;;ASH_COATED_OSMIUM;XIRECS;10000.0;8
449100;;;ASH_COATED_OSMIUM;XIRECS;10000.0;9
450900;;;ASH_COATED_OSMIUM;XIRECS;10008.0;3
452700;;;INTARIAN_PEPPER_ROOT;XIRECS;12476.0;5
453500;;;ASH_COATED_OSMIUM;XIRECS;9993.0;3
454500;;;ASH_COATED_OSMIUM;XIRECS;10009.0;4
455300;;;ASH_COATED_OSMIUM;XIRECS;9993.0;9
455900;;;ASH_COATED_OSMIUM;XIRECS;10010.0;6
457000;;;INTARIAN_PEPPER_ROOT;XIRECS;12488.0;3
457900;;;ASH_COATED_OSMIUM;XIRECS;9992.0;10
458200;;;ASH_COATED_OSMIUM;XIRECS;10007.0;3
459800;;;ASH_COATED_OSMIUM;XIRECS;9993.0;3
461600;;;INTARIAN_PEPPER_ROOT;XIRECS;12472.0;6
461800;;;INTARIAN_PEPPER_ROOT;XIRECS;12487.0;3
466700;;;ASH_COATED_OSMIUM;XIRECS;10000.0;2
467900;;;INTARIAN_PEPPER_ROOT;XIRECS;12485.0;7
469300;;;ASH_COATED_OSMIUM;XIRECS;10002.0;4
470700;;;ASH_COATED_OSMIUM;XIRECS;9994.0;5
472400;;;ASH_COATED_OSMIUM;XIRECS;10007.0;6
473500;;;ASH_COATED_OSMIUM;XIRECS;10000.0;4
475600;;;ASH_COATED_OSMIUM;XIRECS;10001.0;3
477300;;;ASH_COATED_OSMIUM;XIRECS;9995.0;2
477700;;;ASH_COATED_OSMIUM;XIRECS;10009.0;5
477900;;;INTARIAN_PEPPER_ROOT;XIRECS;12482.0;6
478000;;;INTARIAN_PEPPER_ROOT;XIRECS;12483.0;5
478900;;;ASH_COATED_OSMIUM;XIRECS;10003.0;3
480500;;;ASH_COATED_OSMIUM;XIRECS;10000.0;6
480600;;;INTARIAN_PEPPER_ROOT;XIRECS;12470.0;5
482500;;;ASH_COATED_OSMIUM;XIRECS;10000.0;2
483300;;;INTARIAN_PEPPER_ROOT;XIRECS;12469.0;5
483500;;;INTARIAN_PEPPER_ROOT;XIRECS;12482.0;7
483900;;;INTARIAN_PEPPER_ROOT;XIRECS;12481.0;3
485300;;;ASH_COATED_OSMIUM;XIRECS;9990.0;4
487300;;;INTARIAN_PEPPER_ROOT;XIRECS;12481.0;6
487400;;;INTARIAN_PEPPER_ROOT;XIRECS;12468.0;3
487700;;;INTARIAN_PEPPER_ROOT;XIRECS;12468.0;4
489700;;;ASH_COATED_OSMIUM;XIRECS;10006.0;6
492200;;;INTARIAN_PEPPER_ROOT;XIRECS;12479.0;5
492200;;;ASH_COATED_OSMIUM;XIRECS;10009.0;2
494700;;;INTARIAN_PEPPER_ROOT;XIRECS;12468.0;7
495300;;;ASH_COATED_OSMIUM;XIRECS;9999.0;7
495700;;;INTARIAN_PEPPER_ROOT;XIRECS;12480.0;7
496600;;;ASH_COATED_OSMIUM;XIRECS;10002.0;9
499900;;;INTARIAN_PEPPER_ROOT;XIRECS;12480.0;3
501400;;;INTARIAN_PEPPER_ROOT;XIRECS;12478.0;3
501800;;;INTARIAN_PEPPER_ROOT;XIRECS;12477.0;3
501800;;;INTARIAN_PEPPER_ROOT;XIRECS;12465.0;6
502300;;;ASH_COATED_OSMIUM;XIRECS;10000.0;5
503300;;;ASH_COATED_OSMIUM;XIRECS;9992.0;6
504500;;;ASH_COATED_OSMIUM;XIRECS;10000.0;9
505500;;;INTARIAN_PEPPER_ROOT;XIRECS;12477.0;4
506100;;;INTARIAN_PEPPER_ROOT;XIRECS;12464.0;3
506300;;;INTARIAN_PEPPER_ROOT;XIRECS;12477.0;3
506400;;;INTARIAN_PEPPER_ROOT;XIRECS;12464.0;3
506500;;;INTARIAN_PEPPER_ROOT;XIRECS;12475.0;8
507700;;;INTARIAN_PEPPER_ROOT;XIRECS;12476.0;5
508600;;;ASH_COATED_OSMIUM;XIRECS;10010.0;2
509500;;;INTARIAN_PEPPER_ROOT;XIRECS;12476.0;7
509800;;;INTARIAN_PEPPER_ROOT;XIRECS;12464.0;4
510000;;;ASH_COATED_OSMIUM;XIRECS;9992.0;2
510100;;;INTARIAN_PEPPER_ROOT;XIRECS;12463.0;6
510100;;;ASH_COATED_OSMIUM;XIRECS;10005.0;2
513600;;;ASH_COATED_OSMIUM;XIRECS;10008.0;5
514800;;;ASH_COATED_OSMIUM;XIRECS;10010.0;9
514900;;;ASH_COATED_OSMIUM;XIRECS;10004.0;3
515100;;;INTARIAN_PEPPER_ROOT;XIRECS;12462.0;7
517600;;;INTARIAN_PEPPER_ROOT;XIRECS;12461.0;3
519200;;;INTARIAN_PEPPER_ROOT;XIRECS;12462.0;4
520900;;;INTARIAN_PEPPER_ROOT;XIRECS;12462.0;6
521600;;;ASH_COATED_OSMIUM;XIRECS;9992.0;6
522700;;;ASH_COATED_OSMIUM;XIRECS;9993.0;3
522900;;;INTARIAN_PEPPER_ROOT;XIRECS;12461.0;5
525900;;;INTARIAN_PEPPER_ROOT;XIRECS;12461.0;4
528300;;;INTARIAN_PEPPER_ROOT;XIRECS;12460.0;3
529900;;;INTARIAN_PEPPER_ROOT;XIRECS;12458.0;5
529900;;;INTARIAN_PEPPER_ROOT;XIRECS;12458.0;6
530600;;;ASH_COATED_OSMIUM;XIRECS;10000.0;2
539200;;;ASH_COATED_OSMIUM;XIRECS;10002.0;5
542400;;;INTARIAN_PEPPER_ROOT;XIRECS;12456.0;3
542500;;;ASH_COATED_OSMIUM;XIRECS;10009.0;4
543400;;;INTARIAN_PEPPER_ROOT;XIRECS;12455.0;3
544500;;;ASH_COATED_OSMIUM;XIRECS;9993.0;9
545800;;;ASH_COATED_OSMIUM;XIRECS;10010.0;3
546600;;;INTARIAN_PEPPER_ROOT;XIRECS;12467.0;5
546800;;;ASH_COATED_OSMIUM;XIRECS;9996.0;3
546900;;;INTARIAN_PEPPER_ROOT;XIRECS;12468.0;4
547500;;;ASH_COATED_OSMIUM;XIRECS;10000.0;10
551300;;;INTARIAN_PEPPER_ROOT;XIRECS;12454.0;5
552200;;;ASH_COATED_OSMIUM;XIRECS;9992.0;2
552400;;;ASH_COATED_OSMIUM;XIRECS;9992.0;6
554300;;;INTARIAN_PEPPER_ROOT;XIRECS;12468.0;4
555200;;;INTARIAN_PEPPER_ROOT;XIRECS;12452.0;3
555400;;;ASH_COATED_OSMIUM;XIRECS;10008.0;8
556400;;;ASH_COATED_OSMIUM;XIRECS;10000.0;10
557900;;;INTARIAN_PEPPER_ROOT;XIRECS;12465.0;6
559500;;;INTARIAN_PEPPER_ROOT;XIRECS;12468.0;7
561100;;;ASH_COATED_OSMIUM;XIRECS;10009.0;4
562600;;;INTARIAN_PEPPER_ROOT;XIRECS;12464.0;3
562600;;;INTARIAN_PEPPER_ROOT;XIRECS;12464.0;6
563500;;;ASH_COATED_OSMIUM;XIRECS;9993.0;4
563700;;;ASH_COATED_OSMIUM;XIRECS;9992.0;3
565100;;;ASH_COATED_OSMIUM;XIRECS;10009.0;9
566200;;;INTARIAN_PEPPER_ROOT;XIRECS;12465.0;7
566300;;;INTARIAN_PEPPER_ROOT;XIRECS;12464.0;6
567100;;;ASH_COATED_OSMIUM;XIRECS;10009.0;4
569100;;;ASH_COATED_OSMIUM;XIRECS;9999.0;3
569500;;;ASH_COATED_OSMIUM;XIRECS;9993.0;7
570200;;;ASH_COATED_OSMIUM;XIRECS;10010.0;6
570600;;;INTARIAN_PEPPER_ROOT;XIRECS;12453.0;5
574900;;;ASH_COATED_OSMIUM;XIRECS;10001.0;6
575300;;;ASH_COATED_OSMIUM;XIRECS;10011.0;5
575400;;;ASH_COATED_OSMIUM;XIRECS;10011.0;4
576200;;;INTARIAN_PEPPER_ROOT;XIRECS;12461.0;8
582500;;;INTARIAN_PEPPER_ROOT;XIRECS;12460.0;4
584000;;;INTARIAN_PEPPER_ROOT;XIRECS;12459.0;6
587600;;;ASH_COATED_OSMIUM;XIRECS;9993.0;2
588000;;;INTARIAN_PEPPER_ROOT;XIRECS;12446.0;4
591500;;;INTARIAN_PEPPER_ROOT;XIRECS;12446.0;7
591500;;;ASH_COATED_OSMIUM;XIRECS;9991.0;5
591800;;;ASH_COATED_OSMIUM;XIRECS;10008.0;7
591900;;;ASH_COATED_OSMIUM;XIRECS;10002.0;10
593500;;;ASH_COATED_OSMIUM;XIRECS;9993.0;6
594600;;;INTARIAN_PEPPER_ROOT;XIRECS;12445.0;5
595000;;;INTARIAN_PEPPER_ROOT;XIRECS;12458.0;5
597700;;;INTARIAN_PEPPER_ROOT;XIRECS;12445.0;6
598800;;;INTARIAN_PEPPER_ROOT;XIRECS;12445.0;5
600900;;;ASH_COATED_OSMIUM;XIRECS;9996.0;4
601300;;;ASH_COATED_OSMIUM;XIRECS;10009.0;2
602800;;;INTARIAN_PEPPER_ROOT;XIRECS;12457.0;3
603900;;;ASH_COATED_OSMIUM;XIRECS;10009.0;7
605500;;;INTARIAN_PEPPER_ROOT;XIRECS;12456.0;6
606200;;;ASH_COATED_OSMIUM;XIRECS;10002.0;5
607800;;;ASH_COATED_OSMIUM;XIRECS;10000.0;6
610300;;;INTARIAN_PEPPER_ROOT;XIRECS;12455.0;3
611500;;;INTARIAN_PEPPER_ROOT;XIRECS;12442.0;6
612300;;;ASH_COATED_OSMIUM;XIRECS;10001.0;6
613000;;;INTARIAN_PEPPER_ROOT;XIRECS;12454.0;8
613100;;;INTARIAN_PEPPER_ROOT;XIRECS;12454.0;3
613400;;;ASH_COATED_OSMIUM;XIRECS;9993.0;7
613500;;;ASH_COATED_OSMIUM;XIRECS;9993.0;8
613600;;;INTARIAN_PEPPER_ROOT;XIRECS;12454.0;4
617300;;;ASH_COATED_OSMIUM;XIRECS;9989.0;5
618200;;;ASH_COATED_OSMIUM;XIRECS;10009.0;10
618700;;;INTARIAN_PEPPER_ROOT;XIRECS;12441.0;7
618900;;;ASH_COATED_OSMIUM;XIRECS;10007.0;3
619100;;;ASH_COATED_OSMIUM;XIRECS;9994.0;3
622100;;;INTARIAN_PEPPER_ROOT;XIRECS;12453.0;6
622300;;;ASH_COATED_OSMIUM;XIRECS;10009.0;6
622400;;;INTARIAN_PEPPER_ROOT;XIRECS;12447.0;3
626100;;;ASH_COATED_OSMIUM;XIRECS;10004.0;4
627800;;;INTARIAN_PEPPER_ROOT;XIRECS;12446.0;6
628800;;;INTARIAN_PEPPER_ROOT;XIRECS;12438.0;7
632300;;;INTARIAN_PEPPER_ROOT;XIRECS;12449.0;5
634200;;;ASH_COATED_OSMIUM;XIRECS;10007.0;6
634600;;;ASH_COATED_OSMIUM;XIRECS;9991.0;9
634900;;;ASH_COATED_OSMIUM;XIRECS;10009.0;6
635100;;;INTARIAN_PEPPER_ROOT;XIRECS;12449.0;3
636700;;;INTARIAN_PEPPER_ROOT;XIRECS;12450.0;3
637000;;;ASH_COATED_OSMIUM;XIRECS;10008.0;5
639200;;;ASH_COATED_OSMIUM;XIRECS;9992.0;2
639300;;;ASH_COATED_OSMIUM;XIRECS;10009.0;6
639700;;;ASH_COATED_OSMIUM;XIRECS;10010.0;6
640800;;;ASH_COATED_OSMIUM;XIRECS;10009.0;7
644000;;;ASH_COATED_OSMIUM;XIRECS;9993.0;3
644900;;;ASH_COATED_OSMIUM;XIRECS;9992.0;5
645100;;;ASH_COATED_OSMIUM;XIRECS;9994.0;6
646800;;;ASH_COATED_OSMIUM;XIRECS;10010.0;7
647600;;;INTARIAN_PEPPER_ROOT;XIRECS;12445.0;4
649000;;;ASH_COATED_OSMIUM;XIRECS;9992.0;9
649400;;;INTARIAN_PEPPER_ROOT;XIRECS;12433.0;5
652300;;;ASH_COATED_OSMIUM;XIRECS;9999.0;7
652500;;;INTARIAN_PEPPER_ROOT;XIRECS;12445.0;6
653600;;;ASH_COATED_OSMIUM;XIRECS;10001.0;8
654100;;;INTARIAN_PEPPER_ROOT;XIRECS;12444.0;7
654100;;;ASH_COATED_OSMIUM;XIRECS;9992.0;6
654300;;;ASH_COATED_OSMIUM;XIRECS;9999.0;4
655200;;;ASH_COATED_OSMIUM;XIRECS;10008.0;6
657400;;;ASH_COATED_OSMIUM;XIRECS;9991.0;3
658000;;;INTARIAN_PEPPER_ROOT;XIRECS;12431.0;6
658500;;;ASH_COATED_OSMIUM;XIRECS;10007.0;2
658600;;;ASH_COATED_OSMIUM;XIRECS;9997.0;5
658600;;;ASH_COATED_OSMIUM;XIRECS;9997.0;2
662400;;;ASH_COATED_OSMIUM;XIRECS;9991.0;5
665000;;;ASH_COATED_OSMIUM;XIRECS;9999.0;7
667100;;;ASH_COATED_OSMIUM;XIRECS;9992.0;3
667800;;;INTARIAN_PEPPER_ROOT;XIRECS;12453.0;7
671800;;;ASH_COATED_OSMIUM;XIRECS;9995.0;7
672700;;;ASH_COATED_OSMIUM;XIRECS;10009.0;5
677100;;;INTARIAN_PEPPER_ROOT;XIRECS;12461.0;6
677600;;;INTARIAN_PEPPER_ROOT;XIRECS;12448.0;8
678500;;;ASH_COATED_OSMIUM;XIRECS;10009.0;10
678800;;;INTARIAN_PEPPER_ROOT;XIRECS;12449.0;5
678800;;;ASH_COATED_OSMIUM;XIRECS;9992.0;3
679000;;;ASH_COATED_OSMIUM;XIRECS;10003.0;3
680700;;;ASH_COATED_OSMIUM;XIRECS;9992.0;2
681300;;;ASH_COATED_OSMIUM;XIRECS;9995.0;4
682000;;;ASH_COATED_OSMIUM;XIRECS;9993.0;6
683100;;;ASH_COATED_OSMIUM;XIRECS;9999.0;5
684000;;;INTARIAN_PEPPER_ROOT;XIRECS;12456.0;6
686300;;;ASH_COATED_OSMIUM;XIRECS;10000.0;9
686500;;;ASH_COATED_OSMIUM;XIRECS;10000.0;6
687700;;;INTARIAN_PEPPER_ROOT;XIRECS;12472.0;3
688400;;;ASH_COATED_OSMIUM;XIRECS;9999.0;9
690000;;;INTARIAN_PEPPER_ROOT;XIRECS;12476.0;3
690900;;;INTARIAN_PEPPER_ROOT;XIRECS;12463.0;6
692000;;;ASH_COATED_OSMIUM;XIRECS;10009.0;6
693000;;;ASH_COATED_OSMIUM;XIRECS;9991.0;6
696300;;;INTARIAN_PEPPER_ROOT;XIRECS;12469.0;6
699100;;;ASH_COATED_OSMIUM;XIRECS;9999.0;6
700400;;;ASH_COATED_OSMIUM;XIRECS;10011.0;5
700900;;;INTARIAN_PEPPER_ROOT;XIRECS;12472.0;6
701200;;;INTARIAN_PEPPER_ROOT;XIRECS;12486.0;5
702000;;;ASH_COATED_OSMIUM;XIRECS;10001.0;4
703200;;;ASH_COATED_OSMIUM;XIRECS;9993.0;2
705200;;;ASH_COATED_OSMIUM;XIRECS;9993.0;10
705600;;;INTARIAN_PEPPER_ROOT;XIRECS;12479.0;6
706800;;;ASH_COATED_OSMIUM;XIRECS;9996.0;10
707900;;;ASH_COATED_OSMIUM;XIRECS;10008.0;8
708600;;;INTARIAN_PEPPER_ROOT;XIRECS;12495.0;5
709400;;;INTARIAN_PEPPER_ROOT;XIRECS;12495.0;3
710700;;;INTARIAN_PEPPER_ROOT;XIRECS;12497.0;7
710900;;;ASH_COATED_OSMIUM;XIRECS;10009.0;4
711300;;;INTARIAN_PEPPER_ROOT;XIRECS;12486.0;7
711300;;;ASH_COATED_OSMIUM;XIRECS;10011.0;2
711800;;;INTARIAN_PEPPER_ROOT;XIRECS;12500.0;5
713000;;;INTARIAN_PEPPER_ROOT;XIRECS;12500.0;7
717300;;;ASH_COATED_OSMIUM;XIRECS;10000.0;6
718600;;;ASH_COATED_OSMIUM;XIRECS;9994.0;2
719000;;;ASH_COATED_OSMIUM;XIRECS;10001.0;5
720000;;;INTARIAN_PEPPER_ROOT;XIRECS;12495.0;4
721900;;;ASH_COATED_OSMIUM;XIRECS;10001.0;4
722800;;;INTARIAN_PEPPER_ROOT;XIRECS;12498.0;6
724700;;;ASH_COATED_OSMIUM;XIRECS;9992.0;6
725200;;;INTARIAN_PEPPER_ROOT;XIRECS;12500.0;5
725600;;;INTARIAN_PEPPER_ROOT;XIRECS;12501.0;6
727300;;;INTARIAN_PEPPER_ROOT;XIRECS;12515.0;7
727400;;;ASH_COATED_OSMIUM;XIRECS;10001.0;5
728600;;;INTARIAN_PEPPER_ROOT;XIRECS;12504.0;4
728600;;;ASH_COATED_OSMIUM;XIRECS;10001.0;4
728800;;;ASH_COATED_OSMIUM;XIRECS;9995.0;3
731800;;;ASH_COATED_OSMIUM;XIRECS;10002.0;8
732000;;;ASH_COATED_OSMIUM;XIRECS;10001.0;9
738900;;;ASH_COATED_OSMIUM;XIRECS;9992.0;7
739900;;;INTARIAN_PEPPER_ROOT;XIRECS;12514.0;6
742600;;;ASH_COATED_OSMIUM;XIRECS;10001.0;7
743000;;;ASH_COATED_OSMIUM;XIRECS;10002.0;2
745300;;;ASH_COATED_OSMIUM;XIRECS;9992.0;5
746000;;;INTARIAN_PEPPER_ROOT;XIRECS;12520.0;6
748100;;;ASH_COATED_OSMIUM;XIRECS;10008.0;6
748500;;;ASH_COATED_OSMIUM;XIRECS;10008.0;2
749300;;;ASH_COATED_OSMIUM;XIRECS;9999.0;6
750600;;;INTARIAN_PEPPER_ROOT;XIRECS;12540.0;4
752300;;;ASH_COATED_OSMIUM;XIRECS;9992.0;2
753100;;;INTARIAN_PEPPER_ROOT;XIRECS;12528.0;3
756300;;;INTARIAN_PEPPER_ROOT;XIRECS;12547.0;5
758200;;;ASH_COATED_OSMIUM;XIRECS;10001.0;9
758500;;;ASH_COATED_OSMIUM;XIRECS;10000.0;5
762900;;;INTARIAN_PEPPER_ROOT;XIRECS;12541.0;3
764100;;;INTARIAN_PEPPER_ROOT;XIRECS;12542.0;3
765700;;;INTARIAN_PEPPER_ROOT;XIRECS;12545.0;6
766100;;;INTARIAN_PEPPER_ROOT;XIRECS;12557.0;5
768900;;;ASH_COATED_OSMIUM;XIRECS;10002.0;5
769200;;;ASH_COATED_OSMIUM;XIRECS;9995.0;8
770500;;;ASH_COATED_OSMIUM;XIRECS;9993.0;4
774200;;;ASH_COATED_OSMIUM;XIRECS;9999.0;5
774500;;;INTARIAN_PEPPER_ROOT;XIRECS;12555.0;4
775400;;;ASH_COATED_OSMIUM;XIRECS;9998.0;6
775700;;;ASH_COATED_OSMIUM;XIRECS;9992.0;3
779900;;;ASH_COATED_OSMIUM;XIRECS;9992.0;10
780200;;;INTARIAN_PEPPER_ROOT;XIRECS;12572.0;7
780400;;;INTARIAN_PEPPER_ROOT;XIRECS;12573.0;5
781900;;;INTARIAN_PEPPER_ROOT;XIRECS;12576.0;6
782000;;;ASH_COATED_OSMIUM;XIRECS;10003.0;5
782800;;;ASH_COATED_OSMIUM;XIRECS;10009.0;3
783900;;;ASH_COATED_OSMIUM;XIRECS;9995.0;5
785300;;;INTARIAN_PEPPER_ROOT;XIRECS;12577.0;4
785500;;;INTARIAN_PEPPER_ROOT;XIRECS;12579.0;3
786300;;;INTARIAN_PEPPER_ROOT;XIRECS;12565.0;3
787000;;;INTARIAN_PEPPER_ROOT;XIRECS;12568.0;7
788700;;;INTARIAN_PEPPER_ROOT;XIRECS;12568.0;4
788800;;;ASH_COATED_OSMIUM;XIRECS;9992.0;5
789100;;;INTARIAN_PEPPER_ROOT;XIRECS;12583.0;4
789100;;;ASH_COATED_OSMIUM;XIRECS;10010.0;7
789200;;;ASH_COATED_OSMIUM;XIRECS;9992.0;5
789800;;;INTARIAN_PEPPER_ROOT;XIRECS;12570.0;3
790200;;;ASH_COATED_OSMIUM;XIRECS;10008.0;5
790300;;;ASH_COATED_OSMIUM;XIRECS;9992.0;3
791000;;;INTARIAN_PEPPER_ROOT;XIRECS;12584.0;5
792200;;;ASH_COATED_OSMIUM;XIRECS;10000.0;3
796000;;;INTARIAN_PEPPER_ROOT;XIRECS;12591.0;7
797200;;;ASH_COATED_OSMIUM;XIRECS;9999.0;5
797600;;;INTARIAN_PEPPER_ROOT;XIRECS;12593.0;4
798200;;;ASH_COATED_OSMIUM;XIRECS;9990.0;10
799400;;;ASH_COATED_OSMIUM;XIRECS;9999.0;2
799800;;;INTARIAN_PEPPER_ROOT;XIRECS;12594.0;7
801000;;;ASH_COATED_OSMIUM;XIRECS;10000.0;5
802400;;;INTARIAN_PEPPER_ROOT;XIRECS;12583.0;8
803800;;;INTARIAN_PEPPER_ROOT;XIRECS;12585.0;4
804500;;;ASH_COATED_OSMIUM;XIRECS;10001.0;5
806200;;;ASH_COATED_OSMIUM;XIRECS;9990.0;8
809100;;;INTARIAN_PEPPER_ROOT;XIRECS;12589.0;6
809800;;;ASH_COATED_OSMIUM;XIRECS;10001.0;6
812400;;;INTARIAN_PEPPER_ROOT;XIRECS;12596.0;7
812400;;;ASH_COATED_OSMIUM;XIRECS;10002.0;5
813100;;;ASH_COATED_OSMIUM;XIRECS;9992.0;6
815800;;;INTARIAN_PEPPER_ROOT;XIRECS;12613.0;4
817000;;;ASH_COATED_OSMIUM;XIRECS;9992.0;4
819600;;;ASH_COATED_OSMIUM;XIRECS;9993.0;6
819700;;;ASH_COATED_OSMIUM;XIRECS;10001.0;5
822300;;;ASH_COATED_OSMIUM;XIRECS;10001.0;3
822700;;;INTARIAN_PEPPER_ROOT;XIRECS;12606.0;7
823100;;;INTARIAN_PEPPER_ROOT;XIRECS;12619.0;8
823200;;;ASH_COATED_OSMIUM;XIRECS;10001.0;4
823300;;;ASH_COATED_OSMIUM;XIRECS;10011.0;9
828000;;;INTARIAN_PEPPER_ROOT;XIRECS;12612.0;4
830100;;;ASH_COATED_OSMIUM;XIRECS;10009.0;6
830300;;;ASH_COATED_OSMIUM;XIRECS;10001.0;5
830600;;;INTARIAN_PEPPER_ROOT;XIRECS;12628.0;7
833400;;;ASH_COATED_OSMIUM;XIRECS;10001.0;3
834100;;;ASH_COATED_OSMIUM;XIRECS;10009.0;6
836800;;;INTARIAN_PEPPER_ROOT;XIRECS;12635.0;3
837500;;;INTARIAN_PEPPER_ROOT;XIRECS;12620.0;3
837500;;;ASH_COATED_OSMIUM;XIRECS;10003.0;6
838400;;;INTARIAN_PEPPER_ROOT;XIRECS;12635.0;4
840900;;;INTARIAN_PEPPER_ROOT;XIRECS;12639.0;7
841600;;;ASH_COATED_OSMIUM;XIRECS;10009.0;5
842100;;;INTARIAN_PEPPER_ROOT;XIRECS;12627.0;4
842200;;;INTARIAN_PEPPER_ROOT;XIRECS;12635.0;6
845700;;;INTARIAN_PEPPER_ROOT;XIRECS;12631.0;5
847200;;;INTARIAN_PEPPER_ROOT;XIRECS;12632.0;6
848900;;;ASH_COATED_OSMIUM;XIRECS;10001.0;3
850700;;;ASH_COATED_OSMIUM;XIRECS;10008.0;2
852500;;;ASH_COATED_OSMIUM;XIRECS;10001.0;4
853400;;;ASH_COATED_OSMIUM;XIRECS;9992.0;3
854600;;;ASH_COATED_OSMIUM;XIRECS;9991.0;3
855200;;;INTARIAN_PEPPER_ROOT;XIRECS;12644.0;4
855300;;;ASH_COATED_OSMIUM;XIRECS;10007.0;8
856300;;;INTARIAN_PEPPER_ROOT;XIRECS;12655.0;3
856400;;;INTARIAN_PEPPER_ROOT;XIRECS;12654.0;4
862400;;;INTARIAN_PEPPER_ROOT;XIRECS;12648.0;7
863100;;;ASH_COATED_OSMIUM;XIRECS;9991.0;2
864000;;;INTARIAN_PEPPER_ROOT;XIRECS;12650.0;4
864200;;;ASH_COATED_OSMIUM;XIRECS;10007.0;2
864400;;;ASH_COATED_OSMIUM;XIRECS;10008.0;8
864700;;;ASH_COATED_OSMIUM;XIRECS;9995.0;2
866700;;;ASH_COATED_OSMIUM;XIRECS;10007.0;10
869400;;;ASH_COATED_OSMIUM;XIRECS;10008.0;3
869400;;;ASH_COATED_OSMIUM;XIRECS;9992.0;7
870200;;;INTARIAN_PEPPER_ROOT;XIRECS;12656.0;4
871800;;;INTARIAN_PEPPER_ROOT;XIRECS;12673.0;7
872400;;;INTARIAN_PEPPER_ROOT;XIRECS;12661.0;5
874600;;;ASH_COATED_OSMIUM;XIRECS;10008.0;3
875100;;;ASH_COATED_OSMIUM;XIRECS;10000.0;5
875900;;;INTARIAN_PEPPER_ROOT;XIRECS;12680.0;3
876400;;;INTARIAN_PEPPER_ROOT;XIRECS;12664.0;4
876700;;;ASH_COATED_OSMIUM;XIRECS;9991.0;2
877900;;;INTARIAN_PEPPER_ROOT;XIRECS;12666.0;3
879000;;;ASH_COATED_OSMIUM;XIRECS;9998.0;7
882500;;;ASH_COATED_OSMIUM;XIRECS;9991.0;5
883200;;;INTARIAN_PEPPER_ROOT;XIRECS;12684.0;5
885200;;;INTARIAN_PEPPER_ROOT;XIRECS;12687.0;4
885900;;;INTARIAN_PEPPER_ROOT;XIRECS;12687.0;3
887100;;;ASH_COATED_OSMIUM;XIRECS;10011.0;9
888800;;;ASH_COATED_OSMIUM;XIRECS;9993.0;7
889000;;;ASH_COATED_OSMIUM;XIRECS;9995.0;3
890400;;;ASH_COATED_OSMIUM;XIRECS;10004.0;3
892600;;;ASH_COATED_OSMIUM;XIRECS;10009.0;6
893600;;;ASH_COATED_OSMIUM;XIRECS;10008.0;6
894600;;;INTARIAN_PEPPER_ROOT;XIRECS;12683.0;6
895900;;;INTARIAN_PEPPER_ROOT;XIRECS;12685.0;5
896000;;;INTARIAN_PEPPER_ROOT;XIRECS;12697.0;6
898900;;;ASH_COATED_OSMIUM;XIRECS;10000.0;8
899300;;;ASH_COATED_OSMIUM;XIRECS;10004.0;4
902600;;;ASH_COATED_OSMIUM;XIRECS;9993.0;2
905600;;;ASH_COATED_OSMIUM;XIRECS;9992.0;5
911000;;;INTARIAN_PEPPER_ROOT;XIRECS;12702.0;3
911500;;;ASH_COATED_OSMIUM;XIRECS;10003.0;2
915600;;;ASH_COATED_OSMIUM;XIRECS;9993.0;3
918200;;;INTARIAN_PEPPER_ROOT;XIRECS;12709.0;6
919600;;;ASH_COATED_OSMIUM;XIRECS;10009.0;3
920200;;;INTARIAN_PEPPER_ROOT;XIRECS;12713.0;6
920600;;;INTARIAN_PEPPER_ROOT;XIRECS;12725.0;7
921800;;;INTARIAN_PEPPER_ROOT;XIRECS;12714.0;6
923200;;;INTARIAN_PEPPER_ROOT;XIRECS;12729.0;4
924100;;;ASH_COATED_OSMIUM;XIRECS;10001.0;9
924600;;;ASH_COATED_OSMIUM;XIRECS;9991.0;5
926800;;;INTARIAN_PEPPER_ROOT;XIRECS;12731.0;4
928000;;;ASH_COATED_OSMIUM;XIRECS;9993.0;4
928200;;;ASH_COATED_OSMIUM;XIRECS;10012.0;8
930000;;;ASH_COATED_OSMIUM;XIRECS;10000.0;7
931800;;;INTARIAN_PEPPER_ROOT;XIRECS;12737.0;3
931900;;;INTARIAN_PEPPER_ROOT;XIRECS;12737.0;3
932700;;;INTARIAN_PEPPER_ROOT;XIRECS;12725.0;7
935100;;;ASH_COATED_OSMIUM;XIRECS;10011.0;2
935400;;;ASH_COATED_OSMIUM;XIRECS;10009.0;4
936200;;;ASH_COATED_OSMIUM;XIRECS;10005.0;7
938900;;;INTARIAN_PEPPER_ROOT;XIRECS;12744.0;4
939100;;;ASH_COATED_OSMIUM;XIRECS;10009.0;6
939200;;;ASH_COATED_OSMIUM;XIRECS;9991.0;4
940300;;;ASH_COATED_OSMIUM;XIRECS;10007.0;7
940900;;;ASH_COATED_OSMIUM;XIRECS;10009.0;7
941300;;;ASH_COATED_OSMIUM;XIRECS;10003.0;3
944100;;;ASH_COATED_OSMIUM;XIRECS;10001.0;9
945000;;;ASH_COATED_OSMIUM;XIRECS;9992.0;4
946700;;;ASH_COATED_OSMIUM;XIRECS;10008.0;5
946900;;;ASH_COATED_OSMIUM;XIRECS;10008.0;3
947700;;;INTARIAN_PEPPER_ROOT;XIRECS;12741.0;3
948600;;;ASH_COATED_OSMIUM;XIRECS;9992.0;3
949700;;;ASH_COATED_OSMIUM;XIRECS;10001.0;10
950800;;;ASH_COATED_OSMIUM;XIRECS;9992.0;3
951200;;;ASH_COATED_OSMIUM;XIRECS;10008.0;4
951400;;;INTARIAN_PEPPER_ROOT;XIRECS;12758.0;7
954100;;;ASH_COATED_OSMIUM;XIRECS;9991.0;3
955200;;;INTARIAN_PEPPER_ROOT;XIRECS;12762.0;6
956400;;;ASH_COATED_OSMIUM;XIRECS;10000.0;5
959000;;;INTARIAN_PEPPER_ROOT;XIRECS;12765.0;6
960000;;;ASH_COATED_OSMIUM;XIRECS;10002.0;4
960400;;;ASH_COATED_OSMIUM;XIRECS;9991.0;3
962500;;;ASH_COATED_OSMIUM;XIRECS;10002.0;5
963100;;;INTARIAN_PEPPER_ROOT;XIRECS;12758.0;4
965400;;;INTARIAN_PEPPER_ROOT;XIRECS;12774.0;5
966700;;;ASH_COATED_OSMIUM;XIRECS;9993.0;4
968200;;;ASH_COATED_OSMIUM;XIRECS;9992.0;10
970100;;;INTARIAN_PEPPER_ROOT;XIRECS;12765.0;5
971900;;;ASH_COATED_OSMIUM;XIRECS;9992.0;6
973100;;;ASH_COATED_OSMIUM;XIRECS;10009.0;5
973400;;;INTARIAN_PEPPER_ROOT;XIRECS;12768.0;5
973500;;;INTARIAN_PEPPER_ROOT;XIRECS;12769.0;5
973800;;;INTARIAN_PEPPER_ROOT;XIRECS;12782.0;4
973900;;;INTARIAN_PEPPER_ROOT;XIRECS;12769.0;6
976900;;;ASH_COATED_OSMIUM;XIRECS;10002.0;6
977300;;;ASH_COATED_OSMIUM;XIRECS;10007.0;8
981800;;;ASH_COATED_OSMIUM;XIRECS;10008.0;6
985100;;;INTARIAN_PEPPER_ROOT;XIRECS;12782.0;3
985700;;;INTARIAN_PEPPER_ROOT;XIRECS;12795.0;7
985800;;;ASH_COATED_OSMIUM;XIRECS;10009.0;5
986600;;;ASH_COATED_OSMIUM;XIRECS;10003.0;5
987900;;;ASH_COATED_OSMIUM;XIRECS;10008.0;2
988400;;;ASH_COATED_OSMIUM;XIRECS;9992.0;3
993700;;;INTARIAN_PEPPER_ROOT;XIRECS;12791.0;3
994700;;;ASH_COATED_OSMIUM;XIRECS;9990.0;7
995900;;;INTARIAN_PEPPER_ROOT;XIRECS;12807.0;7
997700;;;INTARIAN_PEPPER_ROOT;XIRECS;12795.0;3
998000;;;INTARIAN_PEPPER_ROOT;XIRECS;12796.0;7
999100;;;INTARIAN_PEPPER_ROOT;XIRECS;12796.0;5