timestamp;buyer;seller;symbol;currency;price;quantity
1600;;;INTARIAN_PEPPER_ROOT;XIRECS;12821.0;7
1600;;;INTARIAN_PEPPER_ROOT;XIRECS;12807.0;7
3900;;;ASH_COATED_OSMIUM;XIRECS;10002.0;2
5300;;;ASH_COATED_OSMIUM;XIRECS;9993.0;3
6000;;;ASH_COATED_OSMIUM;XIRECS;9999.0;3
7100;;;ASH_COATED_OSMIUM;XIRECS;10008.0;3
9400;;;ASH_COATED_OSMIUM;XIRECS;10010.0;3
10500;;;ASH_COATED_OSMIUM;XIRECS;9992.0;2
14300;;;ASH_COATED_OSMIUM;XIRECS;10002.0;6
14300;;;ASH_COATED_OSMIUM;XIRECS;10002.0;9
14700;;;ASH_COATED_OSMIUM;XIRECS;10001.0;3
15300;;;INTARIAN_PEPPER_ROOT;XIRECS;12902.0;5
16000;;;ASH_COATED_OSMIUM;XIRECS;10000.0;5
17300;;;INTARIAN_PEPPER_ROOT;XIRECS;12913.0;4
19400;;;INTARIAN_PEPPER_ROOT;XIRECS;12912.0;6
21300;;;INTARIAN_PEPPER_ROOT;XIRECS;12922.0;8
23800;;;INTARIAN_PEPPER_ROOT;XIRECS;12939.0;6
24100;;;ASH_COATED_OSMIUM;XIRECS;10008.0;7
26400;;;ASH_COATED_OSMIUM;XIRECS;10010.0;5
27700;;;ASH_COATED_OSMIUM;XIRECS;10010.0;3
27800;;;ASH_COATED_OSMIUM;XIRECS;10001.0;10
28300;;;INTARIAN_PEPPER_ROOT;XIRECS;12964.0;7
30700;;;INTARIAN_PEPPER_ROOT;XIRECS;12979.0;4
36300;;;ASH_COATED_OSMIUM;XIRECS;9999.0;8
38100;;;ASH_COATED_OSMIUM;XIRECS;10009.0;5
38600;;;INTARIAN_PEPPER_ROOT;XIRECS;13037.0;4
41500;;;ASH_COATED_OSMIUM;XIRECS;9993.0;4
43200;;;ASH_COATED_OSMIUM;XIRECS;9999.0;7
43900;;;INTARIAN_PEPPER_ROOT;XIRECS;13068.0;4
45700;;;ASH_COATED_OSMIUM;XIRECS;10010.0;6
45900;;;ASH_COATED_OSMIUM;XIRECS;10001.0;10
46200;;;ASH_COATED_OSMIUM;XIRECS;10001.0;8
47700;;;INTARIAN_PEPPER_ROOT;XIRECS;13077.0;4
47700;;;INTARIAN_PEPPER_ROOT;XIRECS;13077.0;4
47700;;;ASH_COATED_OSMIUM;XIRECS;10003.0;5
49200;;;INTARIAN_PEPPER_ROOT;XIRECS;13087.0;7
50500;;;ASH_COATED_OSMIUM;XIRECS;9999.0;3
51700;;;INTARIAN_PEPPER_ROOT;XIRECS;13114.0;6
53600;;;INTARIAN_PEPPER_ROOT;XIRECS;13125.0;3
54600;;;INTARIAN_PEPPER_ROOT;XIRECS;13130.0;3
54800;;;ASH_COATED_OSMIUM;XIRECS;10009.0;5
58000;;;ASH_COATED_OSMIUM;XIRECS;9992.0;5
58100;;;ASH_COATED_OSMIUM;XIRECS;10001.0;6
61600;;;ASH_COATED_OSMIUM;XIRECS;10009.0;9
64100;;;INTARIAN_PEPPER_ROOT;XIRECS;13170.0;5
64200;;;INTARIAN_PEPPER_ROOT;XIRECS;13173.0;3
65300;;;INTARIAN_PEPPER_ROOT;XIRECS;13195.0;6
66000;;;ASH_COATED_OSMIUM;XIRECS;10001.0;6
66900;;;INTARIAN_PEPPER_ROOT;XIRECS;13203.0;6
67100;;;INTARIAN_PEPPER_ROOT;XIRECS;13191.0;4
70900;;;INTARIAN_PEPPER_ROOT;XIRECS;13226.0;8
72200;;;INTARIAN_PEPPER_ROOT;XIRECS;13220.0;6
72700;;;INTARIAN_PEPPER_ROOT;XIRECS;13223.0;4
72700;;;ASH_COATED_OSMIUM;XIRECS;10007.0;3
73700;;;ASH_COATED_OSMIUM;XIRECS;9991.0;10
73800;;;ASH_COATED_OSMIUM;XIRECS;9991.0;6
73900;;;INTARIAN_PEPPER_ROOT;XIRECS;13243.0;7
74100;;;INTARIAN_PEPPER_ROOT;XIRECS;13231.0;3
74800;;;INTARIAN_PEPPER_ROOT;XIRECS;13248.0;5
74800;;;ASH_COATED_OSMIUM;XIRECS;10000.0;9
74800;;;ASH_COATED_OSMIUM;XIRECS;10008.0;2
74800;;;ASH_COATED_OSMIUM;XIRECS;10000.0;9
76000;;;ASH_COATED_OSMIUM;XIRECS;10008.0;4
76200;;;INTARIAN_PEPPER_ROOT;XIRECS;13244.0;5
78800;;;ASH_COATED_OSMIUM;XIRECS;10000.0;3
80000;;;INTARIAN_PEPPER_ROOT;XIRECS;13264.0;6
80000;;;ASH_COATED_OSMIUM;XIRECS;9992.0;6
81000;;;ASH_COATED_OSMIUM;XIRECS;10007.0;3
82100;;;INTARIAN_PEPPER_ROOT;XIRECS;13279.0;8
82100;;;ASH_COATED_OSMIUM;XIRECS;10010.0;4
82300;;;ASH_COATED_OSMIUM;XIRECS;10001.0;6
82900;;;ASH_COATED_OSMIUM;XIRECS;10000.0;2
83900;;;ASH_COATED_OSMIUM;XIRECS;9992.0;10
84700;;;ASH_COATED_OSMIUM;XIRECS;10009.0;2
87500;;;INTARIAN_PEPPER_ROOT;XIRECS;13323.0;7
88200;;;INTARIAN_PEPPER_ROOT;XIRECS;13315.0;6
88800;;;ASH_COATED_OSMIUM;XIRECS;10001.0;7
89500;;;ASH_COATED_OSMIUM;XIRECS;10009.0;9
91300;;;INTARIAN_PEPPER_ROOT;XIRECS;13348.0;3
91600;;;INTARIAN_PEPPER_ROOT;XIRECS;13347.0;6
92200;;;INTARIAN_PEPPER_ROOT;XIRECS;13339.0;4
92500;;;INTARIAN_PEPPER_ROOT;XIRECS;13352.0;4
93200;;;INTARIAN_PEPPER_ROOT;XIRECS;13357.0;7
93800;;;ASH_COATED_OSMIUM;XIRECS;10001.0;9
94100;;;ASH_COATED_OSMIUM;XIRECS;10000.0;4
94500;;;ASH_COATED_OSMIUM;XIRECS;10000.0;9
95100;;;INTARIAN_PEPPER_ROOT;XIRECS;13355.0;7
96400;;;ASH_COATED_OSMIUM;XIRECS;9992.0;10
97200;;;ASH_COATED_OSMIUM;XIRECS;10008.0;2
99500;;;ASH_COATED_OSMIUM;XIRECS;10004.0;6
99600;;;ASH_COATED_OSMIUM;XIRECS;9994.0;3
99900;;;INTARIAN_PEPPER_ROOT;XIRECS;13391.0;6
101300;;;ASH_COATED_OSMIUM;XIRECS;10009.0;8
102600;;;ASH_COATED_OSMIUM;XIRECS;10010.0;3
108300;;;ASH_COATED_OSMIUM;XIRECS;9991.0;2
111500;;;ASH_COATED_OSMIUM;XIRECS;9993.0;3
111900;;;ASH_COATED_OSMIUM;XIRECS;9992.0;4
112300;;;ASH_COATED_OSMIUM;XIRECS;10008.0;5
112600;;;INTARIAN_PEPPER_ROOT;XIRECS;13472.0;6
113300;;;INTARIAN_PEPPER_ROOT;XIRECS;13462.0;6
113600;;;ASH_COATED_OSMIUM;XIRECS;9992.0;9
114800;;;INTARIAN_PEPPER_ROOT;XIRECS;13478.0;4
115000;;;ASH_COATED_OSMIUM;XIRECS;10010.0;5
116200;;;INTARIAN_PEPPER_ROOT;XIRECS;13477.0;7
119800;;;ASH_COATED_OSMIUM;XIRECS;10009.0;2
120800;;;INTARIAN_PEPPER_ROOT;XIRECS;13506.0;7
121000;;;INTARIAN_PEPPER_ROOT;XIRECS;13519.0;5
125300;;;INTARIAN_PEPPER_ROOT;XIRECS;13547.0;3
126200;;;ASH_COATED_OSMIUM;XIRECS;9991.0;6
126500;;;ASH_COATED_OSMIUM;XIRECS;10000.0;5
127000;;;ASH_COATED_OSMIUM;XIRECS;9992.0;5
127900;;;ASH_COATED_OSMIUM;XIRECS;10002.0;5
128000;;;INTARIAN_PEPPER_ROOT;XIRECS;13561.0;6
129600;;;ASH_COATED_OSMIUM;XIRECS;9992.0;2
130800;;;ASH_COATED_OSMIUM;XIRECS;10004.0;7
131500;;;ASH_COATED_OSMIUM;XIRECS;9991.0;3
132400;;;ASH_COATED_OSMIUM;XIRECS;10010.0;4
135300;;;ASH_COATED_OSMIUM;XIRECS;10009.0;4
137300;;;INTARIAN_PEPPER_ROOT;XIRECS;13603.0;6
137600;;;ASH_COATED_OSMIUM;XIRECS;9992.0;3
138200;;;ASH_COATED_OSMIUM;XIRECS;9992.0;4
139000;;;INTARIAN_PEPPER_ROOT;XIRECS;13624.0;6
139200;;;INTARIAN_PEPPER_ROOT;XIRECS;13613.0;3
140800;;;ASH_COATED_OSMIUM;XIRECS;9999.0;6
141300;;;ASH_COATED_OSMIUM;XIRECS;10001.0;6
141400;;;INTARIAN_PEPPER_ROOT;XIRECS;13624.0;7
141500;;;ASH_COATED_OSMIUM;XIRECS;9999.0;4
143200;;;INTARIAN_PEPPER_ROOT;XIRECS;13637.0;4
144600;;;ASH_COATED_OSMIUM;XIRECS;10000.0;5
147600;;;INTARIAN_PEPPER_ROOT;XIRECS;13663.0;3
147700;;;ASH_COATED_OSMIUM;XIRECS;10008.0;6
150500;;;ASH_COATED_OSMIUM;XIRECS;9997.0;3
150900;;;ASH_COATED_OSMIUM;XIRECS;10009.0;5
151600;;;INTARIAN_PEPPER_ROOT;XIRECS;13686.0;4
153900;;;ASH_COATED_OSMIUM;XIRECS;9999.0;6
157400;;;ASH_COATED_OSMIUM;XIRECS;9996.0;3
162900;;;ASH_COATED_OSMIUM;XIRECS;10010.0;6
163700;;;ASH_COATED_OSMIUM;XIRECS;9994.0;10
165300;;;INTARIAN_PEPPER_ROOT;XIRECS;13780.0;5
165500;;;INTARIAN_PEPPER_ROOT;XIRECS;13781.0;5
165500;;;ASH_COATED_OSMIUM;XIRECS;9991.0;3
169500;;;ASH_COATED_OSMIUM;XIRECS;10009.0;6
170700;;;INTARIAN_PEPPER_ROOT;XIRECS;13809.0;4
171300;;;INTARIAN_PEPPER_ROOT;XIRECS;13800.0;6
171700;;;INTARIAN_PEPPER_ROOT;XIRECS;13819.0;4
171900;;;INTARIAN_PEPPER_ROOT;XIRECS;13804.0;2
172900;;;ASH_COATED_OSMIUM;XIRECS;9990.0;3
173900;;;INTARIAN_PEPPER_ROOT;XIRECS;13815.0;4
174800;;;ASH_COATED_OSMIUM;XIRECS;9995.0;10
175100;;;ASH_COATED_OSMIUM;XIRECS;10006.0;8
175200;;;INTARIAN_PEPPER_ROOT;XIRECS;13823.0;3
175500;;;INTARIAN_PEPPER_ROOT;XIRECS;13825.0;4
176500;;;INTARIAN_PEPPER_ROOT;XIRECS;13846.0;7
177500;;;ASH_COATED_OSMIUM;XIRECS;9991.0;7
178300;;;INTARIAN_PEPPER_ROOT;XIRECS;13842.0;6
178800;;;INTARIAN_PEPPER_ROOT;XIRECS;13857.0;3
179800;;;ASH_COATED_OSMIUM;XIRECS;9993.0;2
182000;;;ASH_COATED_OSMIUM;XIRECS;10000.0;4
185000;;;INTARIAN_PEPPER_ROOT;XIRECS;13881.0;7
186900;;;INTARIAN_PEPPER_ROOT;XIRECS;13907.0;6
187300;;;INTARIAN_PEPPER_ROOT;XIRECS;13895.0;4
188200;;;ASH_COATED_OSMIUM;XIRECS;9999.0;6
191300;;;ASH_COATED_OSMIUM;XIRECS;9990.0;3
191900;;;INTARIAN_PEPPER_ROOT;XIRECS;13934.0;6
193100;;;INTARIAN_PEPPER_ROOT;XIRECS;13928.0;4
193900;;;ASH_COATED_OSMIUM;XIRECS;10008.0;6
194000;;;ASH_COATED_OSMIUM;XIRECS;10002.0;6
194900;;;ASH_COATED_OSMIUM;XIRECS;10000.0;4
196200;;;ASH_COATED_OSMIUM;XIRECS;10003.0;10
198100;;;ASH_COATED_OSMIUM;XIRECS;9992.0;10
198200;;;ASH_COATED_OSMIUM;XIRECS;9995.0;7
199200;;;ASH_COATED_OSMIUM;XIRECS;10005.0;10
200000;;;ASH_COATED_OSMIUM;XIRECS;9992.0;5
200300;;;ASH_COATED_OSMIUM;XIRECS;9992.0;6
201200;;;INTARIAN_PEPPER_ROOT;XIRECS;13930.0;7
203300;;;INTARIAN_PEPPER_ROOT;XIRECS;13943.0;4
204500;;;ASH_COATED_OSMIUM;XIRECS;9992.0;5
205100;;;ASH_COATED_OSMIUM;XIRECS;9992.0;10
209500;;;ASH_COATED_OSMIUM;XIRECS;10006.0;10
209500;;;ASH_COATED_OSMIUM;XIRECS;10006.0;3
210700;;;ASH_COATED_OSMIUM;XIRECS;9995.0;6
210700;;;ASH_COATED_OSMIUM;XIRECS;10008.0;9
210800;;;INTARIAN_PEPPER_ROOT;XIRECS;13941.0;7
210800;;;ASH_COATED_OSMIUM;XIRECS;10009.0;8
212700;;;ASH_COATED_OSMIUM;XIRECS;9993.0;2
214500;;;INTARIAN_PEPPER_ROOT;XIRECS;13940.0;6
217800;;;INTARIAN_PEPPER_ROOT;XIRECS;13940.0;6
218800;;;INTARIAN_PEPPER_ROOT;XIRECS;13941.0;7
223100;;;INTARIAN_PEPPER_ROOT;XIRECS;13938.0;5
226000;;;ASH_COATED_OSMIUM;XIRECS;10004.0;4
226600;;;INTARIAN_PEPPER_ROOT;XIRECS;13938.0;5
227000;;;ASH_COATED_OSMIUM;XIRECS;9993.0;9
227200;;;ASH_COATED_OSMIUM;XIRECS;10001.0;4
228400;;;INTARIAN_PEPPER_ROOT;XIRECS;13938.0;4
229100;;;INTARIAN_PEPPER_ROOT;XIRECS;13939.0;6
229500;;;ASH_COATED_OSMIUM;XIRECS;10008.0;3
231600;;;INTARIAN_PEPPER_ROOT;XIRECS;13936.0;7
232000;;;ASH_COATED_OSMIUM;XIRECS;9990.0;5
232600;;;ASH_COATED_OSMIUM;XIRECS;10009.0;4
234600;;;INTARIAN_PEPPER_ROOT;XIRECS;13937.0;5
235800;;;ASH_COATED_OSMIUM;XIRECS;10002.0;6
238100;;;ASH_COATED_OSMIUM;XIRECS;9993.0;9
238200;;;ASH_COATED_OSMIUM;XIRECS;9992.0;5
241000;;;ASH_COATED_OSMIUM;XIRECS;10001.0;6
241800;;;INTARIAN_PEPPER_ROOT;XIRECS;13936.0;4
244200;;;INTARIAN_PEPPER_ROOT;XIRECS;13922.0;8
245100;;;INTARIAN_PEPPER_ROOT;XIRECS;13922.0;3
250900;;;ASH_COATED_OSMIUM;XIRECS;9998.0;7
252200;;;ASH_COATED_OSMIUM;XIRECS;9991.0;6
252800;;;ASH_COATED_OSMIUM;XIRECS;9991.0;5
253100;;;ASH_COATED_OSMIUM;XIRECS;10000.0;9
253300;;;ASH_COATED_OSMIUM;XIRECS;10007.0;5
256100;;;INTARIAN_PEPPER_ROOT;XIRECS;13919.0;4
256300;;;ASH_COATED_OSMIUM;XIRECS;9994.0;7
258200;;;INTARIAN_PEPPER_ROOT;XIRECS;13920.0;6
258800;;;ASH_COATED_OSMIUM;XIRECS;10010.0;10
260100;;;INTARIAN_PEPPER_ROOT;XIRECS;13933.0;6
260200;;;ASH_COATED_OSMIUM;XIRECS;9992.0;5
261000;;;INTARIAN_PEPPER_ROOT;XIRECS;13931.0;6
261500;;;ASH_COATED_OSMIUM;XIRECS;9992.0;5
261700;;;INTARIAN_PEPPER_ROOT;XIRECS;13918.0;6
263800;;;ASH_COATED_OSMIUM;XIRECS;9991.0;2
264600;;;ASH_COATED_OSMIUM;XIRECS;10009.0;2
266100;;;ASH_COATED_OSMIUM;XIRECS;9993.0;4
266600;;;ASH_COATED_OSMIUM;XIRECS;9994.0;5
267100;;;ASH_COATED_OSMIUM;XIRECS;10001.0;4
269300;;;INTARIAN_PEPPER_ROOT;XIRECS;13930.0;4
270400;;;ASH_COATED_OSMIUM;XIRECS;9991.0;3
272800;;;INTARIAN_PEPPER_ROOT;XIRECS;13929.0;8
273300;;;ASH_COATED_OSMIUM;XIRECS;10010.0;9
273500;;;INTARIAN_PEPPER_ROOT;XIRECS;13929.0;8
276100;;;ASH_COATED_OSMIUM;XIRECS;10001.0;3
276200;;;INTARIAN_PEPPER_ROOT;XIRECS;13927.0;7
276300;;;ASH_COATED_OSMIUM;XIRECS;9993.0;5
277300;;;ASH_COATED_OSMIUM;XIRECS;9995.0;7
278300;;;ASH_COATED_OSMIUM;XIRECS;9991.0;9
281400;;;ASH_COATED_OSMIUM;XIRECS;9990.0;5
282100;;;ASH_COATED_OSMIUM;XIRECS;10010.0;6
284700;;;ASH_COATED_OSMIUM;XIRECS;10002.0;5
284700;;;ASH_COATED_OSMIUM;XIRECS;9992.0;2
287300;;;ASH_COATED_OSMIUM;XIRECS;10007.0;4
289600;;;INTARIAN_PEPPER_ROOT;XIRECS;13924.0;5
290200;;;ASH_COATED_OSMIUM;XIRECS;10007.0;6
290300;;;INTARIAN_PEPPER_ROOT;XIRECS;13925.0;4
291900;;;INTARIAN_PEPPER_ROOT;XIRECS;13912.0;4
292500;;;ASH_COATED_OSMIUM;XIRECS;10010.0;2
293700;;;ASH_COATED_OSMIUM;XIRECS;9992.0;9
294200;;;INTARIAN_PEPPER_ROOT;XIRECS;13923.0;5
295400;;;INTARIAN_PEPPER_ROOT;XIRECS;13923.0;4
296000;;;ASH_COATED_OSMIUM;XIRECS;9992.0;4
296800;;;ASH_COATED_OSMIUM;XIRECS;10008.0;7
298000;;;ASH_COATED_OSMIUM;XIRECS;10008.0;9
298400;;;INTARIAN_PEPPER_ROOT;XIRECS;13922.0;3
298600;;;INTARIAN_PEPPER_ROOT;XIRECS;13923.0;4
299100;;;INTARIAN_PEPPER_ROOT;XIRECS;13923.0;4
301100;;;ASH_COATED_OSMIUM;XIRECS;10002.0;3
301200;;;ASH_COATED_OSMIUM;XIRECS;9994.0;2
304800;;;ASH_COATED_OSMIUM;XIRECS;9994.0;6
305200;;;ASH_COATED_OSMIUM;XIRECS;9992.0;2
305500;;;INTARIAN_PEPPER_ROOT;XIRECS;13906.0;6
309000;;;INTARIAN_PEPPER_ROOT;XIRECS;13920.0;6
309400;;;INTARIAN_PEPPER_ROOT;XIRECS;13921.0;3
310900;;;ASH_COATED_OSMIUM;XIRECS;10008.0;6
311100;;;INTARIAN_PEPPER_ROOT;XIRECS;13920.0;7
311500;;;INTARIAN_PEPPER_ROOT;XIRECS;13906.0;3
312400;;;INTARIAN_PEPPER_ROOT;XIRECS;13906.0;6
313700;;;INTARIAN_PEPPER_ROOT;XIRECS;13919.0;6
314700;;;ASH_COATED_OSMIUM;XIRECS;9999.0;6
318700;;;ASH_COATED_OSMIUM;XIRECS;10000.0;6
320500;;;INTARIAN_PEPPER_ROOT;XIRECS;13906.0;6
324900;;;INTARIAN_PEPPER_ROOT;XIRECS;13905.0;7
328000;;;INTARIAN_PEPPER_ROOT;XIRECS;13917.0;7
328500;;;ASH_COATED_OSMIUM;XIRECS;10010.0;4
331600;;;ASH_COATED_OSMIUM;XIRECS;10004.0;10
332400;;;ASH_COATED_OSMIUM;XIRECS;9993.0;4
333800;;;INTARIAN_PEPPER_ROOT;XIRECS;13903.0;4
334600;;;ASH_COATED_OSMIUM;XIRECS;10002.0;3
335800;;;INTARIAN_PEPPER_ROOT;XIRECS;13901.0;7
336200;;;INTARIAN_PEPPER_ROOT;XIRECS;13905.0;4
338300;;;INTARIAN_PEPPER_ROOT;XIRECS;13916.0;6
342300;;;INTARIAN_PEPPER_ROOT;XIRECS;13913.0;7
343700;;;ASH_COATED_OSMIUM;XIRECS;10003.0;4
344900;;;ASH_COATED_OSMIUM;XIRECS;9991.0;5
346100;;;INTARIAN_PEPPER_ROOT;XIRECS;13900.0;6
347300;;;ASH_COATED_OSMIUM;XIRECS;10001.0;7
349900;;;ASH_COATED_OSMIUM;XIRECS;9993.0;7
350100;;;ASH_COATED_OSMIUM;XIRECS;9993.0;6
352700;;;ASH_COATED_OSMIUM;XIRECS;9993.0;6
353400;;;INTARIAN_PEPPER_ROOT;XIRECS;13911.0;6
353800;;;ASH_COATED_OSMIUM;XIRECS;10012.0;5
354400;;;INTARIAN_PEPPER_ROOT;XIRECS;13911.0;5
355000;;;ASH_COATED_OSMIUM;XIRECS;9992.0;3
356900;;;ASH_COATED_OSMIUM;XIRECS;9995.0;2
357000;;;ASH_COATED_OSMIUM;XIRECS;10000.0;6
357400;;;ASH_COATED_OSMIUM;XIRECS;10010.0;2
357600;;;INTARIAN_PEPPER_ROOT;XIRECS;13911.0;5
357900;;;INTARIAN_PEPPER_ROOT;XIRECS;13910.0;5
363300;;;INTARIAN_PEPPER_ROOT;XIRECS;13895.0;3
363300;;;ASH_COATED_OSMIUM;XIRECS;9994.0;5
364700;;;INTARIAN_PEPPER_ROOT;XIRECS;13893.0;3
366300;;;INTARIAN_PEPPER_ROOT;XIRECS;13895.0;7
366500;;;ASH_COATED_OSMIUM;XIRECS;9998.0;7
367100;;;INTARIAN_PEPPER_ROOT;XIRECS;13900.0;7
367400;;;ASH_COATED_OSMIUM;XIRECS;10006.0;3
368000;;;ASH_COATED_OSMIUM;XIRECS;9991.0;5
368400;;;ASH_COATED_OSMIUM;XIRECS;9990.0;5
369600;;;INTARIAN_PEPPER_ROOT;XIRECS;13907.0;5
370600;;;INTARIAN_PEPPER_ROOT;XIRECS;13893.0;7
370600;;;ASH_COATED_OSMIUM;XIRECS;10007.0;4
374400;;;ASH_COATED_OSMIUM;XIRECS;9992.0;10
379300;;;INTARIAN_PEPPER_ROOT;XIRECS;13891.0;3
380500;;;INTARIAN_PEPPER_ROOT;XIRECS;13893.0;5
382300;;;ASH_COATED_OSMIUM;XIRECS;9991.0;6
382700;;;INTARIAN_PEPPER_ROOT;XIRECS;13905.0;6
383000;;;INTARIAN_PEPPER_ROOT;XIRECS;13892.0;5
383300;;;INTARIAN_PEPPER_ROOT;XIRECS;13904.0;3
384300;;;INTARIAN_PEPPER_ROOT;XIRECS;13903.0;7
385000;;;ASH_COATED_OSMIUM;XIRECS;10004.0;3
389800;;;ASH_COATED_OSMIUM;XIRECS;10010.0;4
391500;;;ASH_COATED_OSMIUM;XIRECS;10000.0;8
394600;;;INTARIAN_PEPPER_ROOT;XIRECS;13903.0;5
394600;;;ASH_COATED_OSMIUM;XIRECS;9993.0;6
394600;;;ASH_COATED_OSMIUM;XIRECS;10009.0;3
395300;;;ASH_COATED_OSMIUM;XIRECS;10008.0;2
395500;;;INTARIAN_PEPPER_ROOT;XIRECS;13889.0;7
396500;;;ASH_COATED_OSMIUM;XIRECS;9994.0;5
398400;;;INTARIAN_PEPPER_ROOT;XIRECS;13902.0;4
398700;;;INTARIAN_PEPPER_ROOT;XIRECS;13902.0;3
399200;;;ASH_COATED_OSMIUM;XIRECS;9991.0;5
405000;;;ASH_COATED_OSMIUM;XIRECS;10008.0;5
405900;;;ASH_COATED_OSMIUM;XIRECS;9998.0;6
408700;;;ASH_COATED_OSMIUM;XIRECS;10010.0;4
409500;;;INTARIAN_PEPPER_ROOT;XIRECS;13898.0;7
412200;;;INTARIAN_PEPPER_ROOT;XIRECS;13886.0;3
413300;;;ASH_COATED_OSMIUM;XIRECS;10001.0;4
415600;;;ASH_COATED_OSMIUM;XIRECS;9991.0;3
417300;;;INTARIAN_PEPPER_ROOT;XIRECS;13883.0;5
422400;;;INTARIAN_PEPPER_ROOT;XIRECS;13898.0;3
422600;;;INTARIAN_PEPPER_ROOT;XIRECS;13899.0;5
422600;;;ASH_COATED_OSMIUM;XIRECS;9992.0;6
424100;;;ASH_COATED_OSMIUM;XIRECS;9993.0;3
426600;;;ASH_COATED_OSMIUM;XIRECS;10009.0;4
427000;;;ASH_COATED_OSMIUM;XIRECS;9994.0;5
427200;;;ASH_COATED_OSMIUM;XIRECS;10004.0;5
428500;;;INTARIAN_PEPPER_ROOT;XIRECS;13881.0;7
428900;;;ASH_COATED_OSMIUM;XIRECS;9992.0;9
429700;;;ASH_COATED_OSMIUM;XIRECS;10008.0;4
430400;;;ASH_COATED_OSMIUM;XIRECS;10008.0;7
430700;;;ASH_COATED_OSMIUM;XIRECS;9999.0;4
434200;;;ASH_COATED_OSMIUM;XIRECS;10011.0;7
435000;;;INTARIAN_PEPPER_ROOT;XIRECS;13894.0;6
435400;;;ASH_COATED_OSMIUM;XIRECS;10008.0;5
435500;;;ASH_COATED_OSMIUM;XIRECS;9992.0;3
437100;;;ASH_COATED_OSMIUM;XIRECS;9994.0;3
437200;;;ASH_COATED_OSMIUM;XIRECS;10003.0;5
438700;;;ASH_COATED_OSMIUM;XIRECS;9993.0;3
438800;;;ASH_COATED_OSMIUM;XIRECS;10011.0;4
439100;;;ASH_COATED_OSMIUM;XIRECS;10001.0;6
439300;;;ASH_COATED_OSMIUM;XIRECS;10008.0;4
439700;;;INTARIAN_PEPPER_ROOT;XIRECS;13879.0;7
440700;;;ASH_COATED_OSMIUM;XIRECS;10008.0;3
440900;;;ASH_COATED_OSMIUM;XIRECS;10011.0;2
441600;;;ASH_COATED_OSMIUM;XIRECS;10000.0;8
444900;;;ASH_COATED_OSMIUM;XIRECS;10008.0;3
445500;;;ASH_COATED_OSMIUM;XIRECS;10009.0;9
446000;;;INTARIAN_PEPPER_ROOT;XIRECS;13891.0;5
447400;;;ASH_COATED_OSMIUM;XIRECS;9999.0;2
447700;;;ASH_COATED_OSMIUM;XIRECS;9990.0;6
448200;;;INTARIAN_PEPPER_ROOT;XIRECS;13890.0;5
449700;;;ASH_COATED_OSMIUM;XIRECS;10001.0;2
454300;;;ASH_COATED_OSMIUM;XIRECS;10000.0;3
455300;;;ASH_COATED_OSMIUM;XIRECS;9990.0;4
456600;;;ASH_COATED_OSMIUM;XIRECS;10009.0;2
456900;;;INTARIAN_PEPPER_ROOT;XIRECS;13876.0;6
457300;;;INTARIAN_PEPPER_ROOT;XIRECS;13880.0;8
457400;;;ASH_COATED_OSMIUM;XIRECS;10001.0;2
458100;;;INTARIAN_PEPPER_ROOT;XIRECS;13888.0;4
458500;;;ASH_COATED_OSMIUM;XIRECS;9997.0;8
458600;;;INTARIAN_PEPPER_ROOT;XIRECS;13875.0;3
459600;;;ASH_COATED_OSMIUM;XIRECS;9993.0;3
460200;;;ASH_COATED_OSMIUM;XIRECS;10009.0;6
461100;;;ASH_COATED_OSMIUM;XIRECS;10002.0;9
461600;;;ASH_COATED_OSMIUM;XIRECS;10010.0;3
463700;;;INTARIAN_PEPPER_ROOT;XIRECS;13887.0;7
463900;;;INTARIAN_PEPPER_ROOT;XIRECS;13875.0;4
463900;;;INTARIAN_PEPPER_ROOT;XIRECS;13875.0;4
464600;;;ASH_COATED_OSMIUM;XIRECS;10000.0;6
468500;;;ASH_COATED_OSMIUM;XIRECS;10009.0;3
468900;;;INTARIAN_PEPPER_ROOT;XIRECS;13873.0;7
471000;;;INTARIAN_PEPPER_ROOT;XIRECS;13886.0;7
472800;;;INTARIAN_PEPPER_ROOT;XIRECS;13884.0;3
476700;;;INTARIAN_PEPPER_ROOT;XIRECS;13872.0;5
478800;;;ASH_COATED_OSMIUM;XIRECS;9991.0;6
481500;;;INTARIAN_PEPPER_ROOT;XIRECS;13882.0;3
481500;;;ASH_COATED_OSMIUM;XIRECS;10010.0;9
483300;;;ASH_COATED_OSMIUM;XIRECS;10001.0;4
485300;;;ASH_COATED_OSMIUM;XIRECS;9998.0;6
486700;;;INTARIAN_PEPPER_ROOT;XIRECS;13881.0;8
487200;;;INTARIAN_PEPPER_ROOT;XIRECS;13882.0;4
487400;;;INTARIAN_PEPPER_ROOT;XIRECS;13869.0;6
488100;;;ASH_COATED_OSMIUM;XIRECS;10008.0;10
493300;;;ASH_COATED_OSMIUM;XIRECS;10008.0;7
493500;;;INTARIAN_PEPPER_ROOT;XIRECS;13882.0;3
493900;;;ASH_COATED_OSMIUM;XIRECS;10002.0;5
494100;;;ASH_COATED_OSMIUM;XIRECS;9993.0;5
494900;;;ASH_COATED_OSMIUM;XIRECS;9999.0;5
495300;;;ASH_COATED_OSMIUM;XIRECS;10001.0;3
497500;;;ASH_COATED_OSMIUM;XIRECS;10005.0;6
500300;;;INTARIAN_PEPPER_ROOT;XIRECS;13878.0;5
502700;;;INTARIAN_PEPPER_ROOT;XIRECS;13878.0;7
502900;;;ASH_COATED_OSMIUM;XIRECS;9993.0;5
505600;;;INTARIAN_PEPPER_ROOT;XIRECS;13879.0;5
507000;;;ASH_COATED_OSMIUM;XIRECS;10000.0;2
507200;;;ASH_COATED_OSMIUM;XIRECS;9990.0;3
508600;;;INTARIAN_PEPPER_ROOT;XIRECS;13864.0;3
509900;;;ASH_COATED_OSMIUM;XIRECS;10008.0;2
510200;;;INTARIAN_PEPPER_ROOT;XIRECS;13877.0;8
515100;;;INTARIAN_PEPPER_ROOT;XIRECS;13875.0;7
515300;;;INTARIAN_PEPPER_ROOT;XIRECS;13862.0;4
516400;;;ASH_COATED_OSMIUM;XIRECS;10008.0;6
516800;;;ASH_COATED_OSMIUM;XIRECS;9998.0;6
518100;;;INTARIAN_PEPPER_ROOT;XIRECS;13876.0;5
518800;;;INTARIAN_PEPPER_ROOT;XIRECS;13875.0;6
519700;;;INTARIAN_PEPPER_ROOT;XIRECS;13874.0;6
523400;;;INTARIAN_PEPPER_ROOT;XIRECS;13861.0;6
524500;;;INTARIAN_PEPPER_ROOT;XIRECS;13874.0;8
526300;;;ASH_COATED_OSMIUM;XIRECS;9990.0;7
530900;;;ASH_COATED_OSMIUM;XIRECS;9992.0;4
531000;;;ASH_COATED_OSMIUM;XIRECS;9990.0;6
531800;;;ASH_COATED_OSMIUM;XIRECS;9993.0;6
532800;;;ASH_COATED_OSMIUM;XIRECS;10002.0;2
533000;;;ASH_COATED_OSMIUM;XIRECS;10003.0;5
533600;;;INTARIAN_PEPPER_ROOT;XIRECS;13858.0;4
534700;;;INTARIAN_PEPPER_ROOT;XIRECS;13871.0;5
535200;;;ASH_COATED_OSMIUM;XIRECS;10001.0;6
536000;;;INTARIAN_PEPPER_ROOT;XIRECS;13867.0;7
537700;;;INTARIAN_PEPPER_ROOT;XIRECS;13858.0;4
538000;;;ASH_COATED_OSMIUM;XIRECS;9991.0;5
538700;;;ASH_COATED_OSMIUM;XIRECS;9997.0;9
543300;;;INTARIAN_PEPPER_ROOT;XIRECS;13857.0;4
545900;;;INTARIAN_PEPPER_ROOT;XIRECS;13868.0;3
547800;;;INTARIAN_PEPPER_ROOT;XIRECS;13869.0;5
550100;;;ASH_COATED_OSMIUM;XIRECS;10009.0;5
550200;;;ASH_COATED_OSMIUM;XIRECS;10008.0;7
551400;;;INTARIAN_PEPPER_ROOT;XIRECS;13868.0;5
551700;;;ASH_COATED_OSMIUM;XIRECS;10008.0;4
553400;;;ASH_COATED_OSMIUM;XIRECS;10009.0;5
557500;;;INTARIAN_PEPPER_ROOT;XIRECS;13867.0;7
557500;;;INTARIAN_PEPPER_ROOT;XIRECS;13867.0;8
558100;;;INTARIAN_PEPPER_ROOT;XIRECS;13866.0;6
558900;;;ASH_COATED_OSMIUM;XIRECS;9991.0;7
559700;;;ASH_COATED_OSMIUM;XIRECS;9994.0;2
560600;;;INTARIAN_PEPPER_ROOT;XIRECS;13853.0;5
562700;;;INTARIAN_PEPPER_ROOT;XIRECS;13852.0;7
565900;;;ASH_COATED_OSMIUM;XIRECS;10008.0;5
566700;;;INTARIAN_PEPPER_ROOT;XIRECS;13852.0;8
567100;;;INTARIAN_PEPPER_ROOT;XIRECS;13851.0;7
567100;;;INTARIAN_PEPPER_ROOT;XIRECS;13851.0;5
567100;;;ASH_COATED_OSMIUM;XIRECS;10006.0;9
567400;;;ASH_COATED_OSMIUM;XIRECS;9991.0;8
568400;;;ASH_COATED_OSMIUM;XIRECS;10000.0;2
569300;;;ASH_COATED_OSMIUM;XIRECS;9993.0;6
572600;;;INTARIAN_PEPPER_ROOT;XIRECS;13850.0;8
572800;;;ASH_COATED_OSMIUM;XIRECS;10000.0;6
575400;;;ASH_COATED_OSMIUM;XIRECS;9992.0;2
577000;;;INTARIAN_PEPPER_ROOT;XIRECS;13863.0;5
580600;;;INTARIAN_PEPPER_ROOT;XIRECS;13863.0;5
582600;;;ASH_COATED_OSMIUM;XIRECS;9991.0;10
582900;;;ASH_COATED_OSMIUM;XIRECS;9992.0;2
583200;;;ASH_COATED_OSMIUM;XIRECS;10001.0;5
583600;;;INTARIAN_PEPPER_ROOT;XIRECS;13862.0;3
586500;;;INTARIAN_PEPPER_ROOT;XIRECS;13861.0;3
594100;;;ASH_COATED_OSMIUM;XIRECS;10004.0;2
594800;;;INTARIAN_PEPPER_ROOT;XIRECS;13859.0;6
595200;;;ASH_COATED_OSMIUM;XIRECS;10007.0;3
596500;;;ASH_COATED_OSMIUM;XIRECS;9991.0;7
601300;;;ASH_COATED_OSMIUM;XIRECS;9992.0;4
601700;;;INTARIAN_PEPPER_ROOT;XIRECS;13859.0;6
602100;;;INTARIAN_PEPPER_ROOT;XIRECS;13844.0;4
610300;;;INTARIAN_PEPPER_ROOT;XIRECS;13855.0;3
610700;;;ASH_COATED_OSMIUM;XIRECS;10001.0;4
612100;;;ASH_COATED_OSMIUM;XIRECS;10010.0;6
613300;;;ASH_COATED_OSMIUM;XIRECS;10001.0;8
614300;;;ASH_COATED_OSMIUM;XIRECS;10009.0;4
617600;;;INTARIAN_PEPPER_ROOT;XIRECS;13856.0;6
620700;;;INTARIAN_PEPPER_ROOT;XIRECS;13839.0;4
620900;;;INTARIAN_PEPPER_ROOT;XIRECS;13840.0;3
622900;;;INTARIAN_PEPPER_ROOT;XIRECS;13854.0;7
626000;;;ASH_COATED_OSMIUM;XIRECS;9993.0;6
631600;;;INTARIAN_PEPPER_ROOT;XIRECS;13837.0;6
631700;;;INTARIAN_PEPPER_ROOT;XIRECS;13850.0;7
632800;;;INTARIAN_PEPPER_ROOT;XIRECS;13850.0;4
634900;;;ASH_COATED_OSMIUM;XIRECS;10004.0;10
635900;;;INTARIAN_PEPPER_ROOT;XIRECS;13850.0;5
635900;;;ASH_COATED_OSMIUM;XIRECS;10009.0;8
636200;;;ASH_COATED_OSMIUM;XIRECS;9994.0;5
636300;;;ASH_COATED_OSMIUM;XIRECS;9997.0;4
641400;;;ASH_COATED_OSMIUM;XIRECS;9991.0;5
643400;;;INTARIAN_PEPPER_ROOT;XIRECS;13848.0;7
644800;;;INTARIAN_PEPPER_ROOT;XIRECS;13847.0;4
645500;;;ASH_COATED_OSMIUM;XIRECS;10010.0;10
646200;;;INTARIAN_PEPPER_ROOT;XIRECS;13834.0;4
646800;;;INTARIAN_PEPPER_ROOT;XIRECS;13849.0;5
647400;;;INTARIAN_PEPPER_ROOT;XIRECS;13848.0;6
650800;;;ASH_COATED_OSMIUM;XIRECS;9992.0;9
651000;;;INTARIAN_PEPPER_ROOT;XIRECS;13850.0;5
651100;;;ASH_COATED_OSMIUM;XIRECS;9991.0;6
652400;;;ASH_COATED_OSMIUM;XIRECS;9991.0;3
652700;;;ASH_COATED_OSMIUM;XIRECS;10000.0;5
652800;;;ASH_COATED_OSMIUM;XIRECS;9993.0;5
653500;;;INTARIAN_PEPPER_ROOT;XIRECS;13833.0;8
655000;;;INTARIAN_PEPPER_ROOT;XIRECS;13833.0;5
656600;;;ASH_COATED_OSMIUM;XIRECS;9992.0;8
660200;;;ASH_COATED_OSMIUM;XIRECS;9990.0;8
660900;;;INTARIAN_PEPPER_ROOT;XIRECS;13831.0;5
660900;;;ASH_COATED_OSMIUM;XIRECS;10000.0;5
663200;;;INTARIAN_PEPPER_ROOT;XIRECS;13844.0;6
667100;;;ASH_COATED_OSMIUM;XIRECS;10008.0;4
668900;;;ASH_COATED_OSMIUM;XIRECS;9990.0;10
669400;;;ASH_COATED_OSMIUM;XIRECS;9999.0;5
672100;;;INTARIAN_PEPPER_ROOT;XIRECS;13841.0;5
673500;;;INTARIAN_PEPPER_ROOT;XIRECS;13843.0;6
674600;;;ASH_COATED_OSMIUM;XIRECS;9992.0;6
675500;;;ASH_COATED_OSMIUM;XIRECS;10001.0;8
676200;;;INTARIAN_PEPPER_ROOT;XIRECS;13826.0;4
677500;;;ASH_COATED_OSMIUM;XIRECS;9999.0;7
677900;;;INTARIAN_PEPPER_ROOT;XIRECS;13828.0;5
685600;;;ASH_COATED_OSMIUM;XIRECS;9992.0;5
685800;;;INTARIAN_PEPPER_ROOT;XIRECS;13838.0;5
686000;;;INTARIAN_PEPPER_ROOT;XIRECS;13826.0;3
686200;;;INTARIAN_PEPPER_ROOT;XIRECS;13825.0;6
686800;;;ASH_COATED_OSMIUM;XIRECS;10008.0;4
688800;;;INTARIAN_PEPPER_ROOT;XIRECS;13826.0;6
689600;;;ASH_COATED_OSMIUM;XIRECS;10008.0;9
689800;;;ASH_COATED_OSMIUM;XIRECS;9999.0;3
691300;;;INTARIAN_PEPPER_ROOT;XIRECS;13824.0;6
693700;;;INTARIAN_PEPPER_ROOT;XIRECS;13839.0;3
693700;;;INTARIAN_PEPPER_ROOT;XIRECS;13825.0;3
694100;;;INTARIAN_PEPPER_ROOT;XIRECS;13837.0;6
694500;;;ASH_COATED_OSMIUM;XIRECS;10010.0;7
695600;;;ASH_COATED_OSMIUM;XIRECS;10011.0;3
695800;;;INTARIAN_PEPPER_ROOT;XIRECS;13836.0;3
698700;;;INTARIAN_PEPPER_ROOT;XIRECS;13823.0;3
700400;;;ASH_COATED_OSMIUM;XIRECS;10009.0;2
700400;;;ASH_COATED_OSMIUM;XIRECS;10009.0;10
707200;;;INTARIAN_PEPPER_ROOT;XIRECS;13820.0;3
707700;;;INTARIAN_PEPPER_ROOT;XIRECS;13834.0;6
712300;;;INTARIAN_PEPPER_ROOT;XIRECS;13833.0;7
712300;;;ASH_COATED_OSMIUM;XIRECS;9992.0;5
712400;;;ASH_COATED_OSMIUM;XIRECS;10008.0;7
715800;;;INTARIAN_PEPPER_ROOT;XIRECS;13832.0;6
716200;;;INTARIAN_PEPPER_ROOT;XIRECS;13832.0;6
718200;;;INTARIAN_PEPPER_ROOT;XIRECS;13831.0;7
721000;;;ASH_COATED_OSMIUM;XIRECS;9991.0;3
724200;;;INTARIAN_PEPPER_ROOT;XIRECS;13817.0;5
725500;;;INTARIAN_PEPPER_ROOT;XIRECS;13832.0;5
731300;;;ASH_COATED_OSMIUM;XIRECS;10010.0;7
732900;;;INTARIAN_PEPPER_ROOT;XIRECS;13812.0;6
739500;;;INTARIAN_PEPPER_ROOT;XIRECS;13827.0;6
739900;;;INTARIAN_PEPPER_ROOT;XIRECS;13812.0;6
740600;;;INTARIAN_PEPPER_ROOT;XIRECS;13826.0;7
741300;;;ASH_COATED_OSMIUM;XIRECS;10001.0;2
741600;;;ASH_COATED_OSMIUM;XIRECS;10007.0;5
743700;;;ASH_COATED_OSMIUM;XIRECS;10010.0;8
744100;;;ASH_COATED_OSMIUM;XIRECS;10000.0;4
745400;;;INTARIAN_PEPPER_ROOT;XIRECS;13814.0;5
747000;;;ASH_COATED_OSMIUM;XIRECS;9993.0;3
747900;;;INTARIAN_PEPPER_ROOT;XIRECS;13820.0;6
750800;;;INTARIAN_PEPPER_ROOT;XIRECS;13813.0;6
751000;;;INTARIAN_PEPPER_ROOT;XIRECS;13813.0;6
751400;;;ASH_COATED_OSMIUM;XIRECS;10011.0;2
751700;;;INTARIAN_PEPPER_ROOT;XIRECS;13814.0;4
752300;;;ASH_COATED_OSMIUM;XIRECS;10009.0;8
752400;;;ASH_COATED_OSMIUM;XIRECS;10001.0;2
752900;;;INTARIAN_PEPPER_ROOT;XIRECS;13830.0;4
753300;;;INTARIAN_PEPPER_ROOT;XIRECS;13829.0;4
753800;;;INTARIAN_PEPPER_ROOT;XIRECS;13815.0;7
754000;;;INTARIAN_PEPPER_ROOT;XIRECS;13816.0;7
754600;;;INTARIAN_PEPPER_ROOT;XIRECS;13829.0;6
755200;;;INTARIAN_PEPPER_ROOT;XIRECS;13821.0;6
755800;;;ASH_COATED_OSMIUM;XIRECS;9991.0;7
757100;;;INTARIAN_PEPPER_ROOT;XIRECS;13821.0;4
757900;;;INTARIAN_PEPPER_ROOT;XIRECS;13819.0;6
758200;;;INTARIAN_PEPPER_ROOT;XIRECS;13822.0;6
758300;;;INTARIAN_PEPPER_ROOT;XIRECS;13820.0;5
758800;;;ASH_COATED_OSMIUM;XIRECS;9992.0;5
759100;;;ASH_COATED_OSMIUM;XIRECS;9993.0;6
763400;;;INTARIAN_PEPPER_ROOT;XIRECS;13838.0;3
766400;;;ASH_COATED_OSMIUM;XIRECS;9999.0;6
766600;;;INTARIAN_PEPPER_ROOT;XIRECS;13842.0;5
766900;;;ASH_COATED_OSMIUM;XIRECS;9989.0;4
767100;;;INTARIAN_PEPPER_ROOT;XIRECS;13830.0;3
768700;;;ASH_COATED_OSMIUM;XIRECS;10008.0;6
770200;;;INTARIAN_PEPPER_ROOT;XIRECS;13847.0;7
772800;;;INTARIAN_PEPPER_ROOT;XIRECS;13850.0;3
773800;;;ASH_COATED_OSMIUM;XIRECS;9990.0;5
774100;;;ASH_COATED_OSMIUM;XIRECS;10000.0;5
774300;;;INTARIAN_PEPPER_ROOT;XIRECS;13839.0;6
777200;;;ASH_COATED_OSMIUM;XIRECS;9991.0;6
777500;;;INTARIAN_PEPPER_ROOT;XIRECS;13843.0;6
778200;;;INTARIAN_PEPPER_ROOT;XIRECS;13843.0;3
778600;;;ASH_COATED_OSMIUM;XIRECS;10004.0;3
786000;;;ASH_COATED_OSMIUM;XIRECS;9992.0;5
787700;;;ASH_COATED_OSMIUM;XIRECS;10003.0;5
787800;;;ASH_COATED_OSMIUM;XIRECS;10009.0;6
788000;;;INTARIAN_PEPPER_ROOT;XIRECS;13853.0;6
792800;;;INTARIAN_PEPPER_ROOT;XIRECS;13858.0;4
794000;;;ASH_COATED_OSMIUM;XIRECS;10002.0;5
794900;;;ASH_COATED_OSMIUM;XIRECS;10000.0;4
795500;;;INTARIAN_PEPPER_ROOT;XIRECS;13874.0;7
797500;;;ASH_COATED_OSMIUM;XIRECS;9993.0;10
797600;;;INTARIAN_PEPPER_ROOT;XIRECS;13865.0;6
797900;;;INTARIAN_PEPPER_ROOT;XIRECS;13864.0;5
799300;;;INTARIAN_PEPPER_ROOT;XIRECS;13880.0;3
801100;;;ASH_COATED_OSMIUM;XIRECS;10000.0;3
804100;;;INTARIAN_PEPPER_ROOT;XIRECS;13883.0;4
805600;;;ASH_COATED_OSMIUM;XIRECS;10001.0;3
805800;;;INTARIAN_PEPPER_ROOT;XIRECS;13873.0;3
806100;;;INTARIAN_PEPPER_ROOT;XIRECS;13886.0;3
806500;;;ASH_COATED_OSMIUM;XIRECS;10009.0;3
806700;;;INTARIAN_PEPPER_ROOT;XIRECS;13874.0;4
808300;;;ASH_COATED_OSMIUM;XIRECS;10006.0;7
812600;;;ASH_COATED_OSMIUM;XIRECS;10009.0;5
812900;;;ASH_COATED_OSMIUM;XIRECS;10009.0;4
813800;;;INTARIAN_PEPPER_ROOT;XIRECS;13896.0;6
818600;;;ASH_COATED_OSMIUM;XIRECS;9993.0;5
819800;;;ASH_COATED_OSMIUM;XIRECS;9992.0;3
820500;;;INTARIAN_PEPPER_ROOT;XIRECS;13889.0;3
825300;;;ASH_COATED_OSMIUM;XIRECS;9999.0;5
827500;;;INTARIAN_PEPPER_ROOT;XIRECS;13896.0;6
829300;;;INTARIAN_PEPPER_ROOT;XIRECS;13910.0;3
831700;;;ASH_COATED_OSMIUM;XIRECS;10009.0;9
833000;;;ASH_COATED_OSMIUM;XIRECS;9998.0;2
834200;;;ASH_COATED_OSMIUM;XIRECS;10004.0;4
835500;;;ASH_COATED_OSMIUM;XIRECS;9992.0;5
836000;;;INTARIAN_PEPPER_ROOT;XIRECS;13918.0;3
837800;;;INTARIAN_PEPPER_ROOT;XIRECS;13908.0;6
839600;;;INTARIAN_PEPPER_ROOT;XIRECS;13921.0;6
841600;;;ASH_COATED_OSMIUM;XIRECS;10009.0;4
842300;;;INTARIAN_PEPPER_ROOT;XIRECS;13925.0;3
846200;;;ASH_COATED_OSMIUM;XIRECS;9993.0;5
848700;;;ASH_COATED_OSMIUM;XIRECS;10009.0;4
850400;;;ASH_COATED_OSMIUM;XIRECS;10009.0;3
851700;;;ASH_COATED_OSMIUM;XIRECS;9993.0;3
851800;;;INTARIAN_PEPPER_ROOT;XIRECS;13935.0;6
852700;;;INTARIAN_PEPPER_ROOT;XIRECS;13924.0;7
854900;;;INTARIAN_PEPPER_ROOT;XIRECS;13926.0;3
856700;;;ASH_COATED_OSMIUM;XIRECS;10009.0;2
857500;;;INTARIAN_PEPPER_ROOT;XIRECS;13941.0;6
858500;;;ASH_COATED_OSMIUM;XIRECS;10010.0;10
859400;;;ASH_COATED_OSMIUM;XIRECS;9992.0;6
860600;;;ASH_COATED_OSMIUM;XIRECS;9990.0;10
861000;;;ASH_COATED_OSMIUM;XIRECS;10003.0;2
861200;;;ASH_COATED_OSMIUM;XIRECS;9993.0;3
868000;;;ASH_COATED_OSMIUM;XIRECS;9991.0;6
871100;;;ASH_COATED_OSMIUM;XIRECS;9992.0;6
873400;;;ASH_COATED_OSMIUM;XIRECS;10000.0;7
874500;;;INTARIAN_PEPPER_ROOT;XIRECS;13948.0;7
875500;;;INTARIAN_PEPPER_ROOT;XIRECS;13948.0;5
877400;;;INTARIAN_PEPPER_ROOT;XIRECS;13950.0;6
877700;;;ASH_COATED_OSMIUM;XIRECS;10012.0;6
879300;;;INTARIAN_PEPPER_ROOT;XIRECS;13964.0;8
880900;;;ASH_COATED_OSMIUM;XIRECS;9994.0;5
881200;;;INTARIAN_PEPPER_ROOT;XIRECS;13954.0;6
881700;;;INTARIAN_PEPPER_ROOT;XIRECS;13968.0;6
882400;;;ASH_COATED_OSMIUM;XIRECS;9993.0;10
884100;;;ASH_COATED_OSMIUM;XIRECS;9992.0;5
884500;;;ASH_COATED_OSMIUM;XIRECS;10003.0;3
885600;;;ASH_COATED_OSMIUM;XIRECS;10002.0;6
885600;;;ASH_COATED_OSMIUM;XIRECS;10002.0;7
885700;;;INTARIAN_PEPPER_ROOT;XIRECS;13974.0;8
886100;;;ASH_COATED_OSMIUM;XIRECS;10002.0;3
886100;;;ASH_COATED_OSMIUM;XIRECS;10002.0;6
887600;;;INTARIAN_PEPPER_ROOT;XIRECS;13962.0;4
888300;;;ASH_COATED_OSMIUM;XIRECS;9992.0;4
892100;;;INTARIAN_PEPPER_ROOT;XIRECS;13978.0;7
894200;;;INTARIAN_PEPPER_ROOT;XIRECS;13968.0;3
894800;;;ASH_COATED_OSMIUM;XIRECS;10008.0;5
895800;;;ASH_COATED_OSMIUM;XIRECS;10010.0;5
896600;;;ASH_COATED_OSMIUM;XIRECS;9999.0;6
896800;;;INTARIAN_PEPPER_ROOT;XIRECS;13972.0;7
897000;;;INTARIAN_PEPPER_ROOT;XIRECS;13971.0;5
897900;;;ASH_COATED_OSMIUM;XIRECS;10007.0;5
899000;;;ASH_COATED_OSMIUM;XIRECS;9990.0;10
899400;;;INTARIAN_PEPPER_ROOT;XIRECS;13974.0;6
901400;;;ASH_COATED_OSMIUM;XIRECS;10000.0;9
902500;;;INTARIAN_PEPPER_ROOT;XIRECS;13977.0;6
904700;;;ASH_COATED_OSMIUM;XIRECS;10009.0;6
908000;;;ASH_COATED_OSMIUM;XIRECS;10007.0;5
908300;;;ASH_COATED_OSMIUM;XIRECS;9991.0;2
908400;;;INTARIAN_PEPPER_ROOT;XIRECS;13982.0;5
910400;;;ASH_COATED_OSMIUM;XIRECS;9992.0;6
910700;;;INTARIAN_PEPPER_ROOT;XIRECS;14001.0;3
913000;;;INTARIAN_PEPPER_ROOT;XIRECS;13990.0;7
919800;;;INTARIAN_PEPPER_ROOT;XIRECS;13997.0;4
921300;;;ASH_COATED_OSMIUM;XIRECS;9993.0;6
922700;;;INTARIAN_PEPPER_ROOT;XIRECS;13999.0;3
924600;;;INTARIAN_PEPPER_ROOT;XIRECS;14015.0;4
926100;;;INTARIAN_PEPPER_ROOT;XIRECS;14003.0;5
926800;;;ASH_COATED_OSMIUM;XIRECS;10000.0;3
926900;;;ASH_COATED_OSMIUM;XIRECS;10000.0;3
927300;;;INTARIAN_PEPPER_ROOT;XIRECS;14018.0;7
929300;;;ASH_COATED_OSMIUM;XIRECS;10003.0;8
931600;;;ASH_COATED_OSMIUM;XIRECS;10004.0;9
932400;;;ASH_COATED_OSMIUM;XIRECS;9999.0;10
932800;;;ASH_COATED_OSMIUM;XIRECS;9991.0;5
934100;;;ASH_COATED_OSMIUM;XIRECS;10009.0;3
934400;;;ASH_COATED_OSMIUM;XIRECS;9992.0;10
936200;;;INTARIAN_PEPPER_ROOT;XIRECS;14014.0;5
937600;;;INTARIAN_PEPPER_ROOT;XIRECS;14015.0;7
937700;;;ASH_COATED_OSMIUM;XIRECS;10001.0;5
938300;;;ASH_COATED_OSMIUM;XIRECS;10000.0;2
939000;;;INTARIAN_PEPPER_ROOT;XIRECS;14015.0;3
939600;;;ASH_COATED_OSMIUM;XIRECS;10001.0;6
940500;;;INTARIAN_PEPPER_ROOT;XIRECS;14019.0;3
940700;;;INTARIAN_PEPPER_ROOT;XIRECS;14031.0;5
942300;;;ASH_COATED_OSMIUM;XIRECS;9994.0;3
943000;;;INTARIAN_PEPPER_ROOT;XIRECS;14020.0;7
943400;;;INTARIAN_PEPPER_ROOT;XIRECS;14037.0;7
944300;;;ASH_COATED_OSMIUM;XIRECS;9992.0;2
945500;;;INTARIAN_PEPPER_ROOT;XIRECS;14024.0;3
948400;;;INTARIAN_PEPPER_ROOT;XIRECS;14027.0;4
952500;;;ASH_COATED_OSMIUM;XIRECS;10003.0;4
952700;;;INTARIAN_PEPPER_ROOT;XIRECS;14046.0;4
953600;;;INTARIAN_PEPPER_ROOT;XIRECS;14046.0;6
953700;;;ASH_COATED_OSMIUM;XIRECS;10003.0;3
956200;;;INTARIAN_PEPPER_ROOT;XIRECS;14035.0;7
956400;;;INTARIAN_PEPPER_ROOT;XIRECS;14049.0;5
958600;;;INTARIAN_PEPPER_ROOT;XIRECS;14038.0;3
959500;;;ASH_COATED_OSMIUM;XIRECS;9993.0;10
959600;;;INTARIAN_PEPPER_ROOT;XIRECS;14052.0;3
960400;;;ASH_COATED_OSMIUM;XIRECS;9994.0;5
961000;;;INTARIAN_PEPPER_ROOT;XIRECS;14055.0;4
961900;;;ASH_COATED_OSMIUM;XIRECS;10001.0;5
962000;;;ASH_COATED_OSMIUM;XIRECS;9993.0;4
962800;;;INTARIAN_PEPPER_ROOT;XIRECS;14056.0;7
963100;;;ASH_COATED_OSMIUM;XIRECS;9993.0;3
966600;;;ASH_COATED_OSMIUM;XIRECS;9999.0;5
967100;;;INTARIAN_PEPPER_ROOT;XIRECS;14047.0;6
968600;;;INTARIAN_PEPPER_ROOT;XIRECS;14049.0;5
968700;;;ASH_COATED_OSMIUM;XIRECS;9993.0;2
969900;;;INTARIAN_PEPPER_ROOT;XIRECS;14053.0;6
975700;;;ASH_COATED_OSMIUM;XIRECS;9992.0;6
975900;;;ASH_COATED_OSMIUM;XIRECS;10008.0;8
978200;;;ASH_COATED_OSMIUM;XIRECS;9992.0;4
980000;;;ASH_COATED_OSMIUM;XIRECS;10000.0;5
984100;;;ASH_COATED_OSMIUM;XIRECS;9992.0;7
987100;;;INTARIAN_PEPPER_ROOT;XIRECS;14068.0;7
987500;;;ASH_COATED_OSMIUM;XIRECS;9988.0;3
987700;;;INTARIAN_PEPPER_ROOT;XIRECS;14084.0;6
988100;;;INTARIAN_PEPPER_ROOT;XIRECS;14071.0;8
990700;;;INTARIAN_PEPPER_ROOT;XIRECS;14072.0;4
992600;;;INTARIAN_PEPPER_ROOT;XIRECS;14075.0;3
995100;;;INTARIAN_PEPPER_ROOT;XIRECS;14093.0;6
996700;;;INTARIAN_PEPPER_ROOT;XIRECS;14093.0;7
996700;;;INTARIAN_PEPPER_ROOT;XIRECS;14093.0;5
999600;;;INTARIAN_PEPPER_ROOT;XIRECS;14084.0;4