timestamp;buyer;seller;symbol;currency;price;quantity
200;;;INTARIAN_PEPPER_ROOT;XIRECS;11776.0;7
3600;;;ASH_COATED_OSMIUM;XIRECS;9993.0;4
4300;;;ASH_COATED_OSMIUM;XIRECS;10000.0;4
5300;;;INTARIAN_PEPPER_ROOT;XIRECS;11787.0;6
5800;;;INTARIAN_PEPPER_ROOT;XIRECS;11772.0;4
5900;;;ASH_COATED_OSMIUM;XIRECS;10010.0;4
7100;;;ASH_COATED_OSMIUM;XIRECS;9994.0;10
7200;;;ASH_COATED_OSMIUM;XIRECS;9992.0;8
9900;;;ASH_COATED_OSMIUM;XIRECS;10009.0;8
10100;;;ASH_COATED_OSMIUM;XIRECS;9992.0;5
10500;;;INTARIAN_PEPPER_ROOT;XIRECS;11784.0;5
10500;;;ASH_COATED_OSMIUM;XIRECS;9998.0;5
12100;;;ASH_COATED_OSMIUM;XIRECS;10003.0;10
12600;;;ASH_COATED_OSMIUM;XIRECS;10001.0;6
12900;;;INTARIAN_PEPPER_ROOT;XIRECS;11786.0;5
13800;;;INTARIAN_PEPPER_ROOT;XIRECS;11785.0;7
14300;;;INTARIAN_PEPPER_ROOT;XIRECS;11768.0;4
14500;;;ASH_COATED_OSMIUM;XIRECS;10009.0;3
14900;;;INTARIAN_PEPPER_ROOT;XIRECS;11784.0;5
15800;;;INTARIAN_PEPPER_ROOT;XIRECS;11769.0;5
16200;;;ASH_COATED_OSMIUM;XIRECS;10001.0;7
17100;;;ASH_COATED_OSMIUM;XIRECS;9991.0;4
17500;;;INTARIAN_PEPPER_ROOT;XIRECS;11783.0;3
20200;;;INTARIAN_PEPPER_ROOT;XIRECS;11775.0;7
20200;;;INTARIAN_PEPPER_ROOT;XIRECS;11767.0;7
20300;;;INTARIAN_PEPPER_ROOT;XIRECS;11768.0;4
21100;;;ASH_COATED_OSMIUM;XIRECS;10011.0;8
23200;;;ASH_COATED_OSMIUM;XIRECS;10003.0;7
24100;;;ASH_COATED_OSMIUM;XIRECS;10008.0;4
27000;;;INTARIAN_PEPPER_ROOT;XIRECS;11777.0;4
30800;;;ASH_COATED_OSMIUM;XIRECS;9991.0;2
32600;;;ASH_COATED_OSMIUM;XIRECS;10009.0;3
34100;;;ASH_COATED_OSMIUM;XIRECS;10009.0;2
34900;;;INTARIAN_PEPPER_ROOT;XIRECS;11773.0;4
37500;;;INTARIAN_PEPPER_ROOT;XIRECS;11760.0;7
37600;;;INTARIAN_PEPPER_ROOT;XIRECS;11759.0;4
37900;;;INTARIAN_PEPPER_ROOT;XIRECS;11759.0;5
40500;;;ASH_COATED_OSMIUM;XIRECS;10000.0;9
47600;;;ASH_COATED_OSMIUM;XIRECS;10001.0;2
48000;;;ASH_COATED_OSMIUM;XIRECS;10011.0;3
48300;;;INTARIAN_PEPPER_ROOT;XIRECS;11754.0;6
49300;;;INTARIAN_PEPPER_ROOT;XIRECS;11761.0;3
50600;;;ASH_COATED_OSMIUM;XIRECS;9995.0;4
51000;;;ASH_COATED_OSMIUM;XIRECS;10008.0;3
51300;;;ASH_COATED_OSMIUM;XIRECS;10010.0;10
51600;;;ASH_COATED_OSMIUM;XIRECS;9993.0;3
51600;;;ASH_COATED_OSMIUM;XIRECS;9993.0;9
52100;;;ASH_COATED_OSMIUM;XIRECS;9992.0;10
52600;;;ASH_COATED_OSMIUM;XIRECS;9991.0;6
54400;;;ASH_COATED_OSMIUM;XIRECS;9992.0;6
56500;;;ASH_COATED_OSMIUM;XIRECS;9993.0;2
57900;;;INTARIAN_PEPPER_ROOT;XIRECS;11752.0;7
57900;;;ASH_COATED_OSMIUM;XIRECS;10006.0;4
61000;;;INTARIAN_PEPPER_ROOT;XIRECS;11761.0;5
61700;;;ASH_COATED_OSMIUM;XIRECS;9993.0;5
62300;;;ASH_COATED_OSMIUM;XIRECS;9994.0;3
62700;;;ASH_COATED_OSMIUM;XIRECS;9994.0;5
68100;;;INTARIAN_PEPPER_ROOT;XIRECS;11758.0;3
70400;;;ASH_COATED_OSMIUM;XIRECS;10007.0;8
71300;;;INTARIAN_PEPPER_ROOT;XIRECS;11743.0;6
71300;;;ASH_COATED_OSMIUM;XIRECS;10000.0;3
71700;;;INTARIAN_PEPPER_ROOT;XIRECS;11742.0;7
72100;;;ASH_COATED_OSMIUM;XIRECS;10009.0;8
73400;;;ASH_COATED_OSMIUM;XIRECS;9992.0;3
76200;;;INTARIAN_PEPPER_ROOT;XIRECS;11754.0;4
77000;;;INTARIAN_PEPPER_ROOT;XIRECS;11754.0;6
78300;;;ASH_COATED_OSMIUM;XIRECS;10008.0;4
79500;;;INTARIAN_PEPPER_ROOT;XIRECS;11739.0;7
79600;;;INTARIAN_PEPPER_ROOT;XIRECS;11751.0;8
80500;;;INTARIAN_PEPPER_ROOT;XIRECS;11739.0;6
80800;;;INTARIAN_PEPPER_ROOT;XIRECS;11752.0;5
82000;;;ASH_COATED_OSMIUM;XIRECS;9991.0;6
83400;;;ASH_COATED_OSMIUM;XIRECS;9989.0;5
84300;;;INTARIAN_PEPPER_ROOT;XIRECS;11736.0;4
84700;;;ASH_COATED_OSMIUM;XIRECS;10008.0;4
85100;;;INTARIAN_PEPPER_ROOT;XIRECS;11737.0;7
86200;;;ASH_COATED_OSMIUM;XIRECS;9991.0;2
86500;;;INTARIAN_PEPPER_ROOT;XIRECS;11735.0;7
88200;;;ASH_COATED_OSMIUM;XIRECS;9999.0;6
89400;;;ASH_COATED_OSMIUM;XIRECS;10011.0;10
89800;;;INTARIAN_PEPPER_ROOT;XIRECS;11747.0;5
89900;;;INTARIAN_PEPPER_ROOT;XIRECS;11732.0;5
91200;;;ASH_COATED_OSMIUM;XIRECS;9993.0;3
91500;;;ASH_COATED_OSMIUM;XIRECS;10010.0;7
92000;;;ASH_COATED_OSMIUM;XIRECS;9993.0;5
93700;;;ASH_COATED_OSMIUM;XIRECS;9993.0;4
93800;;;INTARIAN_PEPPER_ROOT;XIRECS;11745.0;7
98100;;;INTARIAN_PEPPER_ROOT;XIRECS;11729.0;4
99000;;;ASH_COATED_OSMIUM;XIRECS;9999.0;6
100200;;;INTARIAN_PEPPER_ROOT;XIRECS;11726.0;6
102200;;;ASH_COATED_OSMIUM;XIRECS;9990.0;6
103300;;;INTARIAN_PEPPER_ROOT;XIRECS;11727.0;6
105200;;;ASH_COATED_OSMIUM;XIRECS;10008.0;5
106800;;;ASH_COATED_OSMIUM;XIRECS;10008.0;2
107100;;;ASH_COATED_OSMIUM;XIRECS;10008.0;7
108000;;;ASH_COATED_OSMIUM;XIRECS;9996.0;4
108300;;;ASH_COATED_OSMIUM;XIRECS;10008.0;4
111100;;;INTARIAN_PEPPER_ROOT;XIRECS;11723.0;7
118000;;;ASH_COATED_OSMIUM;XIRECS;9999.0;7
120200;;;INTARIAN_PEPPER_ROOT;XIRECS;11719.0;7
121300;;;INTARIAN_PEPPER_ROOT;XIRECS;11733.0;3
123000;;;ASH_COATED_OSMIUM;XIRECS;9992.0;5
124300;;;INTARIAN_PEPPER_ROOT;XIRECS;11717.0;3
126000;;;INTARIAN_PEPPER_ROOT;XIRECS;11728.0;3
126000;;;ASH_COATED_OSMIUM;XIRECS;10011.0;6
128000;;;ASH_COATED_OSMIUM;XIRECS;10003.0;4
128100;;;ASH_COATED_OSMIUM;XIRECS;9993.0;4
130100;;;INTARIAN_PEPPER_ROOT;XIRECS;11727.0;6
133100;;;ASH_COATED_OSMIUM;XIRECS;9994.0;3
133500;;;ASH_COATED_OSMIUM;XIRECS;10010.0;7
134500;;;INTARIAN_PEPPER_ROOT;XIRECS;11712.0;7
137800;;;INTARIAN_PEPPER_ROOT;XIRECS;11710.0;7
139800;;;ASH_COATED_OSMIUM;XIRECS;9992.0;6
142200;;;INTARIAN_PEPPER_ROOT;XIRECS;11707.0;8
144400;;;ASH_COATED_OSMIUM;XIRECS;9993.0;6
145000;;;ASH_COATED_OSMIUM;XIRECS;9993.0;5
146200;;;INTARIAN_PEPPER_ROOT;XIRECS;11718.0;3
149300;;;ASH_COATED_OSMIUM;XIRECS;9992.0;5
152400;;;INTARIAN_PEPPER_ROOT;XIRECS;11715.0;5
152800;;;ASH_COATED_OSMIUM;XIRECS;9991.0;6
154500;;;INTARIAN_PEPPER_ROOT;XIRECS;11703.0;4
157200;;;INTARIAN_PEPPER_ROOT;XIRECS;11700.0;5
158200;;;ASH_COATED_OSMIUM;XIRECS;9990.0;2
160100;;;INTARIAN_PEPPER_ROOT;XIRECS;11711.0;7
160200;;;ASH_COATED_OSMIUM;XIRECS;10009.0;7
163000;;;INTARIAN_PEPPER_ROOT;XIRECS;11710.0;5
166100;;;INTARIAN_PEPPER_ROOT;XIRECS;11710.0;4
168900;;;INTARIAN_PEPPER_ROOT;XIRECS;11710.0;5
170700;;;ASH_COATED_OSMIUM;XIRECS;9992.0;2
173800;;;INTARIAN_PEPPER_ROOT;XIRECS;11704.0;4
176200;;;ASH_COATED_OSMIUM;XIRECS;9991.0;4
176700;;;INTARIAN_PEPPER_ROOT;XIRECS;11704.0;5
177300;;;ASH_COATED_OSMIUM;XIRECS;10007.0;5
179300;;;INTARIAN_PEPPER_ROOT;XIRECS;11703.0;6
179800;;;INTARIAN_PEPPER_ROOT;XIRECS;11689.0;6
180200;;;ASH_COATED_OSMIUM;XIRECS;10009.0;7
181600;;;INTARIAN_PEPPER_ROOT;XIRECS;11693.0;6
181800;;;ASH_COATED_OSMIUM;XIRECS;10000.0;2
185600;;;ASH_COATED_OSMIUM;XIRECS;10009.0;3
186800;;;INTARIAN_PEPPER_ROOT;XIRECS;11694.0;6
190400;;;ASH_COATED_OSMIUM;XIRECS;10001.0;2
193300;;;ASH_COATED_OSMIUM;XIRECS;9990.0;7
194400;;;ASH_COATED_OSMIUM;XIRECS;10004.0;6
199200;;;INTARIAN_PEPPER_ROOT;XIRECS;11680.0;8
200300;;;ASH_COATED_OSMIUM;XIRECS;9993.0;2
201900;;;INTARIAN_PEPPER_ROOT;XIRECS;11691.0;7
203900;;;ASH_COATED_OSMIUM;XIRECS;10000.0;9
206700;;;ASH_COATED_OSMIUM;XIRECS;9999.0;3
208300;;;INTARIAN_PEPPER_ROOT;XIRECS;11688.0;3
209200;;;ASH_COATED_OSMIUM;XIRECS;10001.0;5
209600;;;INTARIAN_PEPPER_ROOT;XIRECS;11689.0;6
209700;;;ASH_COATED_OSMIUM;XIRECS;10003.0;8
212700;;;ASH_COATED_OSMIUM;XIRECS;10008.0;8
213000;;;ASH_COATED_OSMIUM;XIRECS;9999.0;5
213900;;;ASH_COATED_OSMIUM;XIRECS;9992.0;6
215000;;;ASH_COATED_OSMIUM;XIRECS;9991.0;6
215900;;;ASH_COATED_OSMIUM;XIRECS;10010.0;4
217100;;;INTARIAN_PEPPER_ROOT;XIRECS;11685.0;3
217500;;;INTARIAN_PEPPER_ROOT;XIRECS;11668.0;6
218500;;;INTARIAN_PEPPER_ROOT;XIRECS;11671.0;5
219100;;;ASH_COATED_OSMIUM;XIRECS;9995.0;3
220100;;;INTARIAN_PEPPER_ROOT;XIRECS;11668.0;3
220200;;;INTARIAN_PEPPER_ROOT;XIRECS;11670.0;7
220200;;;ASH_COATED_OSMIUM;XIRECS;10008.0;4
222400;;;INTARIAN_PEPPER_ROOT;XIRECS;11681.0;6
223300;;;ASH_COATED_OSMIUM;XIRECS;10010.0;5
225000;;;INTARIAN_PEPPER_ROOT;XIRECS;11667.0;8
225600;;;INTARIAN_PEPPER_ROOT;XIRECS;11680.0;8
226700;;;INTARIAN_PEPPER_ROOT;XIRECS;11668.0;4
228600;;;ASH_COATED_OSMIUM;XIRECS;9991.0;6
229100;;;ASH_COATED_OSMIUM;XIRECS;9994.0;5
232500;;;ASH_COATED_OSMIUM;XIRECS;10007.0;3
234400;;;INTARIAN_PEPPER_ROOT;XIRECS;11676.0;4
234600;;;ASH_COATED_OSMIUM;XIRECS;10008.0;7
234800;;;ASH_COATED_OSMIUM;XIRECS;10010.0;10
235300;;;ASH_COATED_OSMIUM;XIRECS;9993.0;6
235500;;;ASH_COATED_OSMIUM;XIRECS;10010.0;3
236900;;;ASH_COATED_OSMIUM;XIRECS;10000.0;8
238900;;;ASH_COATED_OSMIUM;XIRECS;10008.0;4
242700;;;ASH_COATED_OSMIUM;XIRECS;9999.0;4
246600;;;ASH_COATED_OSMIUM;XIRECS;9992.0;3
247300;;;ASH_COATED_OSMIUM;XIRECS;10009.0;4
247900;;;INTARIAN_PEPPER_ROOT;XIRECS;11656.0;3
249200;;;INTARIAN_PEPPER_ROOT;XIRECS;11670.0;7
251500;;;ASH_COATED_OSMIUM;XIRECS;10005.0;6
252700;;;ASH_COATED_OSMIUM;XIRECS;9994.0;2
253400;;;ASH_COATED_OSMIUM;XIRECS;10001.0;3
257300;;;INTARIAN_PEPPER_ROOT;XIRECS;11666.0;4
260900;;;ASH_COATED_OSMIUM;XIRECS;10009.0;3
262900;;;ASH_COATED_OSMIUM;XIRECS;10001.0;6
264700;;;INTARIAN_PEPPER_ROOT;XIRECS;11647.0;3
265600;;;ASH_COATED_OSMIUM;XIRECS;10001.0;6
266000;;;INTARIAN_PEPPER_ROOT;XIRECS;11662.0;3
266100;;;ASH_COATED_OSMIUM;XIRECS;10003.0;4
267700;;;INTARIAN_PEPPER_ROOT;XIRECS;11645.0;5
268400;;;ASH_COATED_OSMIUM;XIRECS;10010.0;5
268600;;;INTARIAN_PEPPER_ROOT;XIRECS;11646.0;4
270000;;;ASH_COATED_OSMIUM;XIRECS;10001.0;8
270500;;;INTARIAN_PEPPER_ROOT;XIRECS;11659.0;3
272800;;;ASH_COATED_OSMIUM;XIRECS;10002.0;2
273300;;;ASH_COATED_OSMIUM;XIRECS;10008.0;5
273400;;;INTARIAN_PEPPER_ROOT;XIRECS;11657.0;6
275100;;;ASH_COATED_OSMIUM;XIRECS;9996.0;3
275900;;;ASH_COATED_OSMIUM;XIRECS;10010.0;9
277100;;;ASH_COATED_OSMIUM;XIRECS;9992.0;4
278400;;;INTARIAN_PEPPER_ROOT;XIRECS;11641.0;7
278900;;;ASH_COATED_OSMIUM;XIRECS;10008.0;4
279600;;;ASH_COATED_OSMIUM;XIRECS;9992.0;8
280200;;;ASH_COATED_OSMIUM;XIRECS;10001.0;5
281700;;;INTARIAN_PEPPER_ROOT;XIRECS;11640.0;8
282900;;;ASH_COATED_OSMIUM;XIRECS;9993.0;5
283200;;;ASH_COATED_OSMIUM;XIRECS;10009.0;4
286900;;;ASH_COATED_OSMIUM;XIRECS;10007.0;4
289400;;;ASH_COATED_OSMIUM;XIRECS;9992.0;2
289900;;;ASH_COATED_OSMIUM;XIRECS;9990.0;2
290800;;;ASH_COATED_OSMIUM;XIRECS;9999.0;5
291600;;;ASH_COATED_OSMIUM;XIRECS;10009.0;4
292300;;;INTARIAN_PEPPER_ROOT;XIRECS;11648.0;5
292700;;;INTARIAN_PEPPER_ROOT;XIRECS;11648.0;7
293200;;;ASH_COATED_OSMIUM;XIRECS;10009.0;6
293400;;;INTARIAN_PEPPER_ROOT;XIRECS;11635.0;7
297200;;;INTARIAN_PEPPER_ROOT;XIRECS;11632.0;6
297200;;;ASH_COATED_OSMIUM;XIRECS;10001.0;5
297700;;;INTARIAN_PEPPER_ROOT;XIRECS;11646.0;7
298200;;;ASH_COATED_OSMIUM;XIRECS;9992.0;5
298300;;;INTARIAN_PEPPER_ROOT;XIRECS;11645.0;6
301100;;;INTARIAN_PEPPER_ROOT;XIRECS;11644.0;3
301300;;;INTARIAN_PEPPER_ROOT;XIRECS;11631.0;3
301800;;;ASH_COATED_OSMIUM;XIRECS;10002.0;9
308100;;;INTARIAN_PEPPER_ROOT;XIRECS;11640.0;7
311200;;;INTARIAN_PEPPER_ROOT;XIRECS;11638.0;5
311800;;;INTARIAN_PEPPER_ROOT;XIRECS;11626.0;7
312000;;;ASH_COATED_OSMIUM;XIRECS;9992.0;6
312300;;;INTARIAN_PEPPER_ROOT;XIRECS;11624.0;3
313000;;;ASH_COATED_OSMIUM;XIRECS;10000.0;5
316700;;;INTARIAN_PEPPER_ROOT;XIRECS;11636.0;7
318300;;;INTARIAN_PEPPER_ROOT;XIRECS;11622.0;8
325100;;;INTARIAN_PEPPER_ROOT;XIRECS;11632.0;7
326600;;;INTARIAN_PEPPER_ROOT;XIRECS;11632.0;3
328200;;;INTARIAN_PEPPER_ROOT;XIRECS;11630.0;3
328800;;;INTARIAN_PEPPER_ROOT;XIRECS;11616.0;4
330200;;;INTARIAN_PEPPER_ROOT;XIRECS;11629.0;6
331100;;;INTARIAN_PEPPER_ROOT;XIRECS;11628.0;4
331100;;;ASH_COATED_OSMIUM;XIRECS;9994.0;3
332600;;;ASH_COATED_OSMIUM;XIRECS;10001.0;3
336500;;;ASH_COATED_OSMIUM;XIRECS;10010.0;9
336900;;;INTARIAN_PEPPER_ROOT;XIRECS;11625.0;3
337200;;;ASH_COATED_OSMIUM;XIRECS;10000.0;6
338500;;;INTARIAN_PEPPER_ROOT;XIRECS;11612.0;5
339500;;;INTARIAN_PEPPER_ROOT;XIRECS;11624.0;4
340200;;;INTARIAN_PEPPER_ROOT;XIRECS;11626.0;4
341700;;;INTARIAN_PEPPER_ROOT;XIRECS;11622.0;7
343400;;;ASH_COATED_OSMIUM;XIRECS;10010.0;10
344600;;;ASH_COATED_OSMIUM;XIRECS;10002.0;8
345800;;;ASH_COATED_OSMIUM;XIRECS;10002.0;7
346200;;;ASH_COATED_OSMIUM;XIRECS;10009.0;10
348300;;;INTARIAN_PEPPER_ROOT;XIRECS;11622.0;4
348400;;;ASH_COATED_OSMIUM;XIRECS;9997.0;2
349800;;;ASH_COATED_OSMIUM;XIRECS;10002.0;10
350500;;;INTARIAN_PEPPER_ROOT;XIRECS;11619.0;6
350500;;;ASH_COATED_OSMIUM;XIRECS;9994.0;5
350800;;;ASH_COATED_OSMIUM;XIRECS;9992.0;3
351100;;;INTARIAN_PEPPER_ROOT;XIRECS;11619.0;6
352000;;;ASH_COATED_OSMIUM;XIRECS;10006.0;10
352100;;;ASH_COATED_OSMIUM;XIRECS;10001.0;10
353300;;;ASH_COATED_OSMIUM;XIRECS;9992.0;2
357700;;;INTARIAN_PEPPER_ROOT;XIRECS;11608.0;6
358300;;;ASH_COATED_OSMIUM;XIRECS;10008.0;9
359700;;;INTARIAN_PEPPER_ROOT;XIRECS;11631.0;3
359700;;;ASH_COATED_OSMIUM;XIRECS;9992.0;9
360400;;;INTARIAN_PEPPER_ROOT;XIRECS;11631.0;6
361500;;;INTARIAN_PEPPER_ROOT;XIRECS;11636.0;5
361800;;;INTARIAN_PEPPER_ROOT;XIRECS;11635.0;8
362600;;;ASH_COATED_OSMIUM;XIRECS;10000.0;6
362700;;;ASH_COATED_OSMIUM;XIRECS;10009.0;8
363900;;;ASH_COATED_OSMIUM;XIRECS;9992.0;10
364400;;;INTARIAN_PEPPER_ROOT;XIRECS;11632.0;6
364600;;;INTARIAN_PEPPER_ROOT;XIRECS;11632.0;5
364900;;;ASH_COATED_OSMIUM;XIRECS;10001.0;10
365100;;;ASH_COATED_OSMIUM;XIRECS;10000.0;4
366400;;;INTARIAN_PEPPER_ROOT;XIRECS;11650.0;3
366500;;;INTARIAN_PEPPER_ROOT;XIRECS;11651.0;4
367200;;;INTARIAN_PEPPER_ROOT;XIRECS;11639.0;5
368200;;;ASH_COATED_OSMIUM;XIRECS;9992.0;3
369300;;;INTARIAN_PEPPER_ROOT;XIRECS;11647.0;4
369800;;;ASH_COATED_OSMIUM;XIRECS;9999.0;9
371600;;;INTARIAN_PEPPER_ROOT;XIRECS;11655.0;4
371700;;;INTARIAN_PEPPER_ROOT;XIRECS;11654.0;5
372600;;;ASH_COATED_OSMIUM;XIRECS;10008.0;3
373800;;;ASH_COATED_OSMIUM;XIRECS;10001.0;5
374900;;;INTARIAN_PEPPER_ROOT;XIRECS;11665.0;3
376600;;;ASH_COATED_OSMIUM;XIRECS;10008.0;7
377600;;;INTARIAN_PEPPER_ROOT;XIRECS;11672.0;7
378800;;;ASH_COATED_OSMIUM;XIRECS;10000.0;8
380500;;;INTARIAN_PEPPER_ROOT;XIRECS;11696.0;4
381100;;;INTARIAN_PEPPER_ROOT;XIRECS;11698.0;5
381300;;;INTARIAN_PEPPER_ROOT;XIRECS;11684.0;7
381600;;;INTARIAN_PEPPER_ROOT;XIRECS;11700.0;4
386800;;;INTARIAN_PEPPER_ROOT;XIRECS;11716.0;5
388900;;;INTARIAN_PEPPER_ROOT;XIRECS;11710.0;3
392700;;;ASH_COATED_OSMIUM;XIRECS;9992.0;6
392900;;;INTARIAN_PEPPER_ROOT;XIRECS;11720.0;6
395300;;;ASH_COATED_OSMIUM;XIRECS;10009.0;9
395800;;;INTARIAN_PEPPER_ROOT;XIRECS;11747.0;4
396600;;;INTARIAN_PEPPER_ROOT;XIRECS;11734.0;5
399700;;;ASH_COATED_OSMIUM;XIRECS;9992.0;6
404300;;;INTARIAN_PEPPER_ROOT;XIRECS;11771.0;6
407500;;;ASH_COATED_OSMIUM;XIRECS;10009.0;3
409900;;;INTARIAN_PEPPER_ROOT;XIRECS;11789.0;5
409900;;;INTARIAN_PEPPER_ROOT;XIRECS;11789.0;5
412500;;;INTARIAN_PEPPER_ROOT;XIRECS;11786.0;7
412500;;;INTARIAN_PEPPER_ROOT;XIRECS;11786.0;5
416100;;;ASH_COATED_OSMIUM;XIRECS;9992.0;3
416900;;;INTARIAN_PEPPER_ROOT;XIRECS;11800.0;5
418400;;;ASH_COATED_OSMIUM;XIRECS;9993.0;10
420500;;;INTARIAN_PEPPER_ROOT;XIRECS;11827.0;4
420600;;;INTARIAN_PEPPER_ROOT;XIRECS;11823.0;8
421100;;;ASH_COATED_OSMIUM;XIRECS;9999.0;3
421500;;;ASH_COATED_OSMIUM;XIRECS;10004.0;3
422900;;;ASH_COATED_OSMIUM;XIRECS;9992.0;5
423200;;;ASH_COATED_OSMIUM;XIRECS;9999.0;7
423200;;;ASH_COATED_OSMIUM;XIRECS;9999.0;3
424600;;;INTARIAN_PEPPER_ROOT;XIRECS;11824.0;3
426500;;;INTARIAN_PEPPER_ROOT;XIRECS;11844.0;3
428400;;;ASH_COATED_OSMIUM;XIRECS;10001.0;2
428500;;;INTARIAN_PEPPER_ROOT;XIRECS;11836.0;5
428500;;;INTARIAN_PEPPER_ROOT;XIRECS;11836.0;5
428900;;;INTARIAN_PEPPER_ROOT;XIRECS;11850.0;7
431800;;;ASH_COATED_OSMIUM;XIRECS;9988.0;3
432500;;;ASH_COATED_OSMIUM;XIRECS;9990.0;3
433100;;;ASH_COATED_OSMIUM;XIRECS;10008.0;6
434200;;;INTARIAN_PEPPER_ROOT;XIRECS;11855.0;6
437800;;;ASH_COATED_OSMIUM;XIRECS;9992.0;6
439600;;;INTARIAN_PEPPER_ROOT;XIRECS;11885.0;6
440700;;;ASH_COATED_OSMIUM;XIRECS;10009.0;3
443100;;;ASH_COATED_OSMIUM;XIRECS;9990.0;9
443600;;;ASH_COATED_OSMIUM;XIRECS;10008.0;4
447200;;;INTARIAN_PEPPER_ROOT;XIRECS;11896.0;6
447500;;;ASH_COATED_OSMIUM;XIRECS;9993.0;7
450800;;;INTARIAN_PEPPER_ROOT;XIRECS;11908.0;6
451500;;;ASH_COATED_OSMIUM;XIRECS;10009.0;8
452300;;;INTARIAN_PEPPER_ROOT;XIRECS;11926.0;7
452700;;;ASH_COATED_OSMIUM;XIRECS;9992.0;8
453100;;;ASH_COATED_OSMIUM;XIRECS;9991.0;2
453200;;;ASH_COATED_OSMIUM;XIRECS;10010.0;4
454800;;;ASH_COATED_OSMIUM;XIRECS;10010.0;3
456100;;;INTARIAN_PEPPER_ROOT;XIRECS;11924.0;3
458400;;;INTARIAN_PEPPER_ROOT;XIRECS;11944.0;5
460200;;;INTARIAN_PEPPER_ROOT;XIRECS;11952.0;6
460300;;;INTARIAN_PEPPER_ROOT;XIRECS;11937.0;4
461400;;;INTARIAN_PEPPER_ROOT;XIRECS;11941.0;5
461400;;;INTARIAN_PEPPER_ROOT;XIRECS;11941.0;5
461500;;;ASH_COATED_OSMIUM;XIRECS;10009.0;5
461800;;;ASH_COATED_OSMIUM;XIRECS;10001.0;10
462100;;;ASH_COATED_OSMIUM;XIRECS;10010.0;5
463000;;;INTARIAN_PEPPER_ROOT;XIRECS;11947.0;4
464900;;;ASH_COATED_OSMIUM;XIRECS;10000.0;6
465100;;;INTARIAN_PEPPER_ROOT;XIRECS;11954.0;6
468900;;;INTARIAN_PEPPER_ROOT;XIRECS;11978.0;6
469200;;;INTARIAN_PEPPER_ROOT;XIRECS;11963.0;7
469800;;;INTARIAN_PEPPER_ROOT;XIRECS;11968.0;6
470400;;;INTARIAN_PEPPER_ROOT;XIRECS;11970.0;7
470500;;;ASH_COATED_OSMIUM;XIRECS;9993.0;2
471000;;;INTARIAN_PEPPER_ROOT;XIRECS;11985.0;5
472200;;;ASH_COATED_OSMIUM;XIRECS;9990.0;6
472200;;;ASH_COATED_OSMIUM;XIRECS;9990.0;5
475700;;;INTARIAN_PEPPER_ROOT;XIRECS;12000.0;4
478800;;;INTARIAN_PEPPER_ROOT;XIRECS;11997.0;4
478900;;;ASH_COATED_OSMIUM;XIRECS;9992.0;3
479000;;;INTARIAN_PEPPER_ROOT;XIRECS;11998.0;5
479600;;;ASH_COATED_OSMIUM;XIRECS;10009.0;3
487700;;;INTARIAN_PEPPER_ROOT;XIRECS;12037.0;4
490000;;;ASH_COATED_OSMIUM;XIRECS;10002.0;3
490100;;;ASH_COATED_OSMIUM;XIRECS;10005.0;3
492500;;;ASH_COATED_OSMIUM;XIRECS;10008.0;9
493400;;;INTARIAN_PEPPER_ROOT;XIRECS;12057.0;3
495500;;;INTARIAN_PEPPER_ROOT;XIRECS;12063.0;6
496200;;;INTARIAN_PEPPER_ROOT;XIRECS;12065.0;5
496300;;;ASH_COATED_OSMIUM;XIRECS;10000.0;4
496300;;;ASH_COATED_OSMIUM;XIRECS;10006.0;6
496800;;;INTARIAN_PEPPER_ROOT;XIRECS;12055.0;8
497500;;;ASH_COATED_OSMIUM;XIRECS;10001.0;5
497900;;;INTARIAN_PEPPER_ROOT;XIRECS;12070.0;6
498000;;;ASH_COATED_OSMIUM;XIRECS;9993.0;3
499500;;;ASH_COATED_OSMIUM;XIRECS;9991.0;2
499500;;;ASH_COATED_OSMIUM;XIRECS;9991.0;10
500200;;;INTARIAN_PEPPER_ROOT;XIRECS;12080.0;7
500600;;;ASH_COATED_OSMIUM;XIRECS;10000.0;2
501500;;;ASH_COATED_OSMIUM;XIRECS;10008.0;7
505400;;;ASH_COATED_OSMIUM;XIRECS;9993.0;9
505600;;;INTARIAN_PEPPER_ROOT;XIRECS;12083.0;3
506100;;;ASH_COATED_OSMIUM;XIRECS;10009.0;5
509900;;;INTARIAN_PEPPER_ROOT;XIRECS;12096.0;3
510200;;;ASH_COATED_OSMIUM;XIRECS;10008.0;6
512300;;;INTARIAN_PEPPER_ROOT;XIRECS;12116.0;3
512900;;;ASH_COATED_OSMIUM;XIRECS;9991.0;2
513700;;;INTARIAN_PEPPER_ROOT;XIRECS;12111.0;6
516300;;;INTARIAN_PEPPER_ROOT;XIRECS;12117.0;8
518900;;;ASH_COATED_OSMIUM;XIRECS;9991.0;5
520300;;;INTARIAN_PEPPER_ROOT;XIRECS;12129.0;5
520900;;;INTARIAN_PEPPER_ROOT;XIRECS;12144.0;7
521700;;;ASH_COATED_OSMIUM;XIRECS;10007.0;6
522300;;;INTARIAN_PEPPER_ROOT;XIRECS;12148.0;6
525000;;;INTARIAN_PEPPER_ROOT;XIRECS;12142.0;4
527600;;;ASH_COATED_OSMIUM;XIRECS;10008.0;2
527700;;;ASH_COATED_OSMIUM;XIRECS;10001.0;4
527900;;;INTARIAN_PEPPER_ROOT;XIRECS;12153.0;4
528600;;;ASH_COATED_OSMIUM;XIRECS;10007.0;3
529700;;;INTARIAN_PEPPER_ROOT;XIRECS;12172.0;5
532100;;;INTARIAN_PEPPER_ROOT;XIRECS;12181.0;8
532100;;;ASH_COATED_OSMIUM;XIRECS;10008.0;4
532600;;;ASH_COATED_OSMIUM;XIRECS;9999.0;4
533100;;;INTARIAN_PEPPER_ROOT;XIRECS;12185.0;7
533100;;;ASH_COATED_OSMIUM;XIRECS;9999.0;9
534400;;;INTARIAN_PEPPER_ROOT;XIRECS;12189.0;7
536300;;;ASH_COATED_OSMIUM;XIRECS;10009.0;6
537000;;;INTARIAN_PEPPER_ROOT;XIRECS;12182.0;4
537100;;;ASH_COATED_OSMIUM;XIRECS;9992.0;6
538000;;;INTARIAN_PEPPER_ROOT;XIRECS;12186.0;5
538800;;;INTARIAN_PEPPER_ROOT;XIRECS;12202.0;4
540600;;;INTARIAN_PEPPER_ROOT;XIRECS;12206.0;4
542200;;;INTARIAN_PEPPER_ROOT;XIRECS;12199.0;5
544100;;;ASH_COATED_OSMIUM;XIRECS;10009.0;5
545000;;;INTARIAN_PEPPER_ROOT;XIRECS;12220.0;3
546800;;;ASH_COATED_OSMIUM;XIRECS;10010.0;2
548400;;;ASH_COATED_OSMIUM;XIRECS;10010.0;6
551100;;;INTARIAN_PEPPER_ROOT;XIRECS;12228.0;7
551200;;;ASH_COATED_OSMIUM;XIRECS;10009.0;6
554800;;;ASH_COATED_OSMIUM;XIRECS;10001.0;6
558500;;;INTARIAN_PEPPER_ROOT;XIRECS;12265.0;3
561200;;;ASH_COATED_OSMIUM;XIRECS;9999.0;6
561800;;;INTARIAN_PEPPER_ROOT;XIRECS;12263.0;6
562300;;;ASH_COATED_OSMIUM;XIRECS;9993.0;5
566200;;;INTARIAN_PEPPER_ROOT;XIRECS;12289.0;7
567800;;;ASH_COATED_OSMIUM;XIRECS;9992.0;5
568800;;;ASH_COATED_OSMIUM;XIRECS;10001.0;9
569000;;;ASH_COATED_OSMIUM;XIRECS;10000.0;3
569700;;;INTARIAN_PEPPER_ROOT;XIRECS;12284.0;3
570000;;;INTARIAN_PEPPER_ROOT;XIRECS;12302.0;7
572500;;;ASH_COATED_OSMIUM;XIRECS;10000.0;2
572700;;;ASH_COATED_OSMIUM;XIRECS;9993.0;3
573300;;;ASH_COATED_OSMIUM;XIRECS;10002.0;2
573600;;;INTARIAN_PEPPER_ROOT;XIRECS;12298.0;3
573800;;;ASH_COATED_OSMIUM;XIRECS;9993.0;7
574700;;;INTARIAN_PEPPER_ROOT;XIRECS;12315.0;3
577100;;;INTARIAN_PEPPER_ROOT;XIRECS;12325.0;5
578700;;;ASH_COATED_OSMIUM;XIRECS;9996.0;4
579200;;;INTARIAN_PEPPER_ROOT;XIRECS;12331.0;7
580400;;;ASH_COATED_OSMIUM;XIRECS;10009.0;5
582000;;;ASH_COATED_OSMIUM;XIRECS;9995.0;7
582600;;;ASH_COATED_OSMIUM;XIRECS;9994.0;9
583000;;;ASH_COATED_OSMIUM;XIRECS;9995.0;2
583300;;;ASH_COATED_OSMIUM;XIRECS;10009.0;10
586600;;;INTARIAN_PEPPER_ROOT;XIRECS;12355.0;6
587000;;;INTARIAN_PEPPER_ROOT;XIRECS;12342.0;7
587600;;;ASH_COATED_OSMIUM;XIRECS;10011.0;2
590000;;;INTARIAN_PEPPER_ROOT;XIRECS;12352.0;3
590000;;;INTARIAN_PEPPER_ROOT;XIRECS;12367.0;5
590300;;;INTARIAN_PEPPER_ROOT;XIRECS;12353.0;3
590700;;;ASH_COATED_OSMIUM;XIRECS;10001.0;5
591300;;;ASH_COATED_OSMIUM;XIRECS;9993.0;6
593100;;;ASH_COATED_OSMIUM;XIRECS;10002.0;2
595600;;;INTARIAN_PEPPER_ROOT;XIRECS;12385.0;6
595700;;;ASH_COATED_OSMIUM;XIRECS;10008.0;6
600700;;;ASH_COATED_OSMIUM;XIRECS;9991.0;4
602800;;;INTARIAN_PEPPER_ROOT;XIRECS;12405.0;7
604500;;;INTARIAN_PEPPER_ROOT;XIRECS;12411.0;4
606700;;;INTARIAN_PEPPER_ROOT;XIRECS;12406.0;7
607600;;;INTARIAN_PEPPER_ROOT;XIRECS;12421.0;3
608000;;;ASH_COATED_OSMIUM;XIRECS;10012.0;9
609000;;;INTARIAN_PEPPER_ROOT;XIRECS;12410.0;3
609000;;;INTARIAN_PEPPER_ROOT;XIRECS;12428.0;5
610300;;;INTARIAN_PEPPER_ROOT;XIRECS;12417.0;3
613600;;;ASH_COATED_OSMIUM;XIRECS;10007.0;2
614400;;;ASH_COATED_OSMIUM;XIRECS;9997.0;6
615300;;;ASH_COATED_OSMIUM;XIRECS;10000.0;5
615400;;;INTARIAN_PEPPER_ROOT;XIRECS;12446.0;6
615700;;;ASH_COATED_OSMIUM;XIRECS;10009.0;9
617200;;;ASH_COATED_OSMIUM;XIRECS;9994.0;4
618100;;;ASH_COATED_OSMIUM;XIRECS;9993.0;3
622200;;;ASH_COATED_OSMIUM;XIRECS;9989.0;4
625000;;;INTARIAN_PEPPER_ROOT;XIRECS;12473.0;7
627400;;;ASH_COATED_OSMIUM;XIRECS;9992.0;3
628700;;;ASH_COATED_OSMIUM;XIRECS;9992.0;3
628800;;;INTARIAN_PEPPER_ROOT;XIRECS;12490.0;5
630700;;;INTARIAN_PEPPER_ROOT;XIRECS;12483.0;3
631800;;;ASH_COATED_OSMIUM;XIRECS;9991.0;2
633500;;;INTARIAN_PEPPER_ROOT;XIRECS;12503.0;6
634800;;;INTARIAN_PEPPER_ROOT;XIRECS;12509.0;3
636000;;;INTARIAN_PEPPER_ROOT;XIRECS;12499.0;3
637300;;;INTARIAN_PEPPER_ROOT;XIRECS;12504.0;6
637400;;;INTARIAN_PEPPER_ROOT;XIRECS;12504.0;6
638900;;;INTARIAN_PEPPER_ROOT;XIRECS;12508.0;3
639500;;;ASH_COATED_OSMIUM;XIRECS;9991.0;7
639600;;;ASH_COATED_OSMIUM;XIRECS;10009.0;3
640000;;;ASH_COATED_OSMIUM;XIRECS;10001.0;3
641800;;;ASH_COATED_OSMIUM;XIRECS;10009.0;6
642000;;;INTARIAN_PEPPER_ROOT;XIRECS;12527.0;6
642100;;;ASH_COATED_OSMIUM;XIRECS;9992.0;6
642100;;;ASH_COATED_OSMIUM;XIRECS;9992.0;6
645000;;;ASH_COATED_OSMIUM;XIRECS;10008.0;4
645400;;;INTARIAN_PEPPER_ROOT;XIRECS;12530.0;7
646600;;;ASH_COATED_OSMIUM;XIRECS;10008.0;5
651700;;;INTARIAN_PEPPER_ROOT;XIRECS;12551.0;6
652800;;;INTARIAN_PEPPER_ROOT;XIRECS;12554.0;5
654400;;;ASH_COATED_OSMIUM;XIRECS;10010.0;2
655800;;;ASH_COATED_OSMIUM;XIRECS;9999.0;4
656600;;;ASH_COATED_OSMIUM;XIRECS;9999.0;5
658800;;;INTARIAN_PEPPER_ROOT;XIRECS;12585.0;8
659500;;;INTARIAN_PEPPER_ROOT;XIRECS;12575.0;7
661000;;;ASH_COATED_OSMIUM;XIRECS;9991.0;4
666000;;;ASH_COATED_OSMIUM;XIRECS;9994.0;5
666300;;;ASH_COATED_OSMIUM;XIRECS;10002.0;6
666700;;;INTARIAN_PEPPER_ROOT;XIRECS;12612.0;3
667800;;;INTARIAN_PEPPER_ROOT;XIRECS;12616.0;6
669500;;;ASH_COATED_OSMIUM;XIRECS;9992.0;8
670700;;;INTARIAN_PEPPER_ROOT;XIRECS;12610.0;6
671900;;;ASH_COATED_OSMIUM;XIRECS;9992.0;2
672000;;;INTARIAN_PEPPER_ROOT;XIRECS;12627.0;5
672400;;;ASH_COATED_OSMIUM;XIRECS;9992.0;5
672900;;;ASH_COATED_OSMIUM;XIRECS;9999.0;4
673900;;;ASH_COATED_OSMIUM;XIRECS;9991.0;9
674200;;;INTARIAN_PEPPER_ROOT;XIRECS;12621.0;4
675100;;;INTARIAN_PEPPER_ROOT;XIRECS;12637.0;8
676400;;;INTARIAN_PEPPER_ROOT;XIRECS;12642.0;4
676500;;;INTARIAN_PEPPER_ROOT;XIRECS;12643.0;8
677300;;;ASH_COATED_OSMIUM;XIRECS;9991.0;2
677400;;;ASH_COATED_OSMIUM;XIRECS;10008.0;4
678000;;;ASH_COATED_OSMIUM;XIRECS;10008.0;8
678700;;;ASH_COATED_OSMIUM;XIRECS;9991.0;6
679600;;;ASH_COATED_OSMIUM;XIRECS;10000.0;5
679900;;;INTARIAN_PEPPER_ROOT;XIRECS;12639.0;3
680900;;;ASH_COATED_OSMIUM;XIRECS;10000.0;5
682600;;;INTARIAN_PEPPER_ROOT;XIRECS;12661.0;7
684500;;;INTARIAN_PEPPER_ROOT;XIRECS;12667.0;6
685900;;;ASH_COATED_OSMIUM;XIRECS;9991.0;2
686600;;;INTARIAN_PEPPER_ROOT;XIRECS;12661.0;3
686900;;;INTARIAN_PEPPER_ROOT;XIRECS;12675.0;3
690200;;;ASH_COATED_OSMIUM;XIRECS;10002.0;8
690600;;;INTARIAN_PEPPER_ROOT;XIRECS;12674.0;4
690800;;;ASH_COATED_OSMIUM;XIRECS;10001.0;6
691900;;;ASH_COATED_OSMIUM;XIRECS;10002.0;4
691900;;;ASH_COATED_OSMIUM;XIRECS;10002.0;5
693100;;;INTARIAN_PEPPER_ROOT;XIRECS;12680.0;3
693600;;;ASH_COATED_OSMIUM;XIRECS;9993.0;3
696300;;;INTARIAN_PEPPER_ROOT;XIRECS;12692.0;3
699500;;;INTARIAN_PEPPER_ROOT;XIRECS;12701.0;6
702800;;;ASH_COATED_OSMIUM;XIRECS;9991.0;5
703300;;;INTARIAN_PEPPER_ROOT;XIRECS;12714.0;4
703400;;;INTARIAN_PEPPER_ROOT;XIRECS;12720.0;6
705300;;;INTARIAN_PEPPER_ROOT;XIRECS;12735.0;5
705700;;;ASH_COATED_OSMIUM;XIRECS;10012.0;9
705800;;;ASH_COATED_OSMIUM;XIRECS;10010.0;4
706300;;;ASH_COATED_OSMIUM;XIRECS;10010.0;3
708500;;;ASH_COATED_OSMIUM;XIRECS;10000.0;10
708700;;;ASH_COATED_OSMIUM;XIRECS;10001.0;2
709300;;;ASH_COATED_OSMIUM;XIRECS;10012.0;2
710500;;;INTARIAN_PEPPER_ROOT;XIRECS;12751.0;6
711900;;;ASH_COATED_OSMIUM;XIRECS;10004.0;6
712200;;;INTARIAN_PEPPER_ROOT;XIRECS;12757.0;8
712400;;;ASH_COATED_OSMIUM;XIRECS;10000.0;9
713400;;;INTARIAN_PEPPER_ROOT;XIRECS;12747.0;4
715600;;;ASH_COATED_OSMIUM;XIRECS;10001.0;6
717200;;;INTARIAN_PEPPER_ROOT;XIRECS;12759.0;7
717600;;;INTARIAN_PEPPER_ROOT;XIRECS;12772.0;3
722900;;;INTARIAN_PEPPER_ROOT;XIRECS;12778.0;6
725600;;;ASH_COATED_OSMIUM;XIRECS;10010.0;9
727100;;;INTARIAN_PEPPER_ROOT;XIRECS;12791.0;7
729000;;;INTARIAN_PEPPER_ROOT;XIRECS;12796.0;4
729200;;;ASH_COATED_OSMIUM;XIRECS;10001.0;6
730300;;;ASH_COATED_OSMIUM;XIRECS;10000.0;5
730600;;;ASH_COATED_OSMIUM;XIRECS;10001.0;2
731300;;;INTARIAN_PEPPER_ROOT;XIRECS;12803.0;3
731900;;;ASH_COATED_OSMIUM;XIRECS;10001.0;9
733400;;;INTARIAN_PEPPER_ROOT;XIRECS;12826.0;3
736600;;;INTARIAN_PEPPER_ROOT;XIRECS;12836.0;8
736900;;;ASH_COATED_OSMIUM;XIRECS;9992.0;5
738900;;;INTARIAN_PEPPER_ROOT;XIRECS;12829.0;5
739500;;;INTARIAN_PEPPER_ROOT;XIRECS;12844.0;3
739500;;;INTARIAN_PEPPER_ROOT;XIRECS;12844.0;6
739800;;;ASH_COATED_OSMIUM;XIRECS;10001.0;8
740300;;;ASH_COATED_OSMIUM;XIRECS;9990.0;4
741100;;;ASH_COATED_OSMIUM;XIRECS;10000.0;8
743700;;;INTARIAN_PEPPER_ROOT;XIRECS;12844.0;7
744300;;;ASH_COATED_OSMIUM;XIRECS;10001.0;3
746700;;;INTARIAN_PEPPER_ROOT;XIRECS;12854.0;5
746900;;;ASH_COATED_OSMIUM;XIRECS;10003.0;10
747200;;;ASH_COATED_OSMIUM;XIRECS;10007.0;5
747700;;;ASH_COATED_OSMIUM;XIRECS;10002.0;10
749100;;;INTARIAN_PEPPER_ROOT;XIRECS;12874.0;6
751100;;;ASH_COATED_OSMIUM;XIRECS;10009.0;9
752400;;;INTARIAN_PEPPER_ROOT;XIRECS;12872.0;3
752800;;;ASH_COATED_OSMIUM;XIRECS;10010.0;6
754100;;;ASH_COATED_OSMIUM;XIRECS;10001.0;10
756200;;;INTARIAN_PEPPER_ROOT;XIRECS;12883.0;3
756300;;;INTARIAN_PEPPER_ROOT;XIRECS;12884.0;3
756500;;;INTARIAN_PEPPER_ROOT;XIRECS;12899.0;7
758200;;;ASH_COATED_OSMIUM;XIRECS;9994.0;6
759900;;;ASH_COATED_OSMIUM;XIRECS;9992.0;6
762100;;;INTARIAN_PEPPER_ROOT;XIRECS;12915.0;7
763100;;;ASH_COATED_OSMIUM;XIRECS;9997.0;5
764500;;;INTARIAN_PEPPER_ROOT;XIRECS;12923.0;4
765300;;;INTARIAN_PEPPER_ROOT;XIRECS;12912.0;7
766600;;;ASH_COATED_OSMIUM;XIRECS;10001.0;5
770200;;;ASH_COATED_OSMIUM;XIRECS;9992.0;5
772000;;;ASH_COATED_OSMIUM;XIRECS;10004.0;7
775700;;;ASH_COATED_OSMIUM;XIRECS;9995.0;9
776500;;;INTARIAN_PEPPER_ROOT;XIRECS;12963.0;6
777500;;;INTARIAN_PEPPER_ROOT;XIRECS;12966.0;5
778400;;;ASH_COATED_OSMIUM;XIRECS;10001.0;7
779500;;;INTARIAN_PEPPER_ROOT;XIRECS;12972.0;6
780600;;;INTARIAN_PEPPER_ROOT;XIRECS;12974.0;6
781000;;;ASH_COATED_OSMIUM;XIRECS;9994.0;4
781300;;;ASH_COATED_OSMIUM;XIRECS;10008.0;6
782800;;;INTARIAN_PEPPER_ROOT;XIRECS;12968.0;5
784900;;;INTARIAN_PEPPER_ROOT;XIRECS;12988.0;8
784900;;;ASH_COATED_OSMIUM;XIRECS;10000.0;5
785000;;;INTARIAN_PEPPER_ROOT;XIRECS;12989.0;3
791000;;;ASH_COATED_OSMIUM;XIRECS;9994.0;3
792900;;;INTARIAN_PEPPER_ROOT;XIRECS;12999.0;3
794900;;;ASH_COATED_OSMIUM;XIRECS;9992.0;6
795600;;;ASH_COATED_OSMIUM;XIRECS;9993.0;6
795700;;;ASH_COATED_OSMIUM;XIRECS;9996.0;3
795800;;;INTARIAN_PEPPER_ROOT;XIRECS;13023.0;6
798800;;;ASH_COATED_OSMIUM;XIRECS;10009.0;5
799100;;;INTARIAN_PEPPER_ROOT;XIRECS;13021.0;6
799700;;;ASH_COATED_OSMIUM;XIRECS;9992.0;10
800400;;;INTARIAN_PEPPER_ROOT;XIRECS;13039.0;7
800400;;;INTARIAN_PEPPER_ROOT;XIRECS;13039.0;4
801400;;;INTARIAN_PEPPER_ROOT;XIRECS;13025.0;4
802500;;;INTARIAN_PEPPER_ROOT;XIRECS;13030.0;7
805000;;;ASH_COATED_OSMIUM;XIRECS;9993.0;9
806700;;;INTARIAN_PEPPER_ROOT;XIRECS;13058.0;3
807200;;;ASH_COATED_OSMIUM;XIRECS;10009.0;2
807400;;;ASH_COATED_OSMIUM;XIRECS;9999.0;4
809500;;;ASH_COATED_OSMIUM;XIRECS;10010.0;6
812400;;;ASH_COATED_OSMIUM;XIRECS;9994.0;2
813700;;;ASH_COATED_OSMIUM;XIRECS;10001.0;8
814600;;;ASH_COATED_OSMIUM;XIRECS;10009.0;5
814600;;;ASH_COATED_OSMIUM;XIRECS;10009.0;4
815300;;;ASH_COATED_OSMIUM;XIRECS;10008.0;3
817600;;;INTARIAN_PEPPER_ROOT;XIRECS;13081.0;5
820500;;;ASH_COATED_OSMIUM;XIRECS;10010.0;6
820700;;;ASH_COATED_OSMIUM;XIRECS;9993.0;4
821800;;;INTARIAN_PEPPER_ROOT;XIRECS;13105.0;5
822800;;;ASH_COATED_OSMIUM;XIRECS;10009.0;6
825300;;;ASH_COATED_OSMIUM;XIRECS;10010.0;9
825700;;;INTARIAN_PEPPER_ROOT;XIRECS;13107.0;4
827000;;;INTARIAN_PEPPER_ROOT;XIRECS;13110.0;8
827500;;;INTARIAN_PEPPER_ROOT;XIRECS;13117.0;4
828900;;;ASH_COATED_OSMIUM;XIRECS;10002.0;7
831000;;;INTARIAN_PEPPER_ROOT;XIRECS;13135.0;3
831300;;;ASH_COATED_OSMIUM;XIRECS;9992.0;9
832200;;;ASH_COATED_OSMIUM;XIRECS;9990.0;7
832400;;;INTARIAN_PEPPER_ROOT;XIRECS;13125.0;7
834200;;;INTARIAN_PEPPER_ROOT;XIRECS;13134.0;7
841500;;;ASH_COATED_OSMIUM;XIRECS;9992.0;9
842400;;;ASH_COATED_OSMIUM;XIRECS;9992.0;3
843700;;;INTARIAN_PEPPER_ROOT;XIRECS;13161.0;6
844600;;;INTARIAN_PEPPER_ROOT;XIRECS;13177.0;4
844600;;;ASH_COATED_OSMIUM;XIRECS;9993.0;3
845000;;;INTARIAN_PEPPER_ROOT;XIRECS;13168.0;4
848300;;;ASH_COATED_OSMIUM;XIRECS;9992.0;5
850900;;;ASH_COATED_OSMIUM;XIRECS;10008.0;6
855500;;;ASH_COATED_OSMIUM;XIRECS;9992.0;5
856600;;;ASH_COATED_OSMIUM;XIRECS;9998.0;6
857400;;;ASH_COATED_OSMIUM;XIRECS;10009.0;9
862400;;;ASH_COATED_OSMIUM;XIRECS;10008.0;4
864700;;;ASH_COATED_OSMIUM;XIRECS;10000.0;2
865900;;;INTARIAN_PEPPER_ROOT;XIRECS;13234.0;3
866300;;;INTARIAN_PEPPER_ROOT;XIRECS;13249.0;5
867000;;;ASH_COATED_OSMIUM;XIRECS;9991.0;5
867700;;;INTARIAN_PEPPER_ROOT;XIRECS;13239.0;3
870500;;;ASH_COATED_OSMIUM;XIRECS;10011.0;6
871900;;;ASH_COATED_OSMIUM;XIRECS;10000.0;3
873300;;;ASH_COATED_OSMIUM;XIRECS;10008.0;4
873700;;;INTARIAN_PEPPER_ROOT;XIRECS;13257.0;4
874500;;;INTARIAN_PEPPER_ROOT;XIRECS;13274.0;3
876500;;;ASH_COATED_OSMIUM;XIRECS;9993.0;4
876800;;;INTARIAN_PEPPER_ROOT;XIRECS;13282.0;6
881600;;;INTARIAN_PEPPER_ROOT;XIRECS;13283.0;7
882700;;;ASH_COATED_OSMIUM;XIRECS;10002.0;4
884300;;;ASH_COATED_OSMIUM;XIRECS;10005.0;3
886300;;;ASH_COATED_OSMIUM;XIRECS;9994.0;3
887000;;;ASH_COATED_OSMIUM;XIRECS;10000.0;7
887600;;;ASH_COATED_OSMIUM;XIRECS;10010.0;2
888000;;;INTARIAN_PEPPER_ROOT;XIRECS;13320.0;8
888900;;;INTARIAN_PEPPER_ROOT;XIRECS;13308.0;6
889000;;;INTARIAN_PEPPER_ROOT;XIRECS;13308.0;5
895200;;;ASH_COATED_OSMIUM;XIRECS;9993.0;8
895800;;;ASH_COATED_OSMIUM;XIRECS;10009.0;3
895900;;;ASH_COATED_OSMIUM;XIRECS;10002.0;6
896100;;;ASH_COATED_OSMIUM;XIRECS;9994.0;4
896900;;;ASH_COATED_OSMIUM;XIRECS;9993.0;2
897200;;;ASH_COATED_OSMIUM;XIRECS;9992.0;6
897200;;;ASH_COATED_OSMIUM;XIRECS;10009.0;9
898300;;;ASH_COATED_OSMIUM;XIRECS;9992.0;3
898600;;;INTARIAN_PEPPER_ROOT;XIRECS;13337.0;5
899600;;;ASH_COATED_OSMIUM;XIRECS;9992.0;6
900300;;;ASH_COATED_OSMIUM;XIRECS;9999.0;5
900900;;;ASH_COATED_OSMIUM;XIRECS;9991.0;10
901200;;;INTARIAN_PEPPER_ROOT;XIRECS;13360.0;6
901300;;;INTARIAN_PEPPER_ROOT;XIRECS;13347.0;7
901300;;;ASH_COATED_OSMIUM;XIRECS;9997.0;5
901300;;;ASH_COATED_OSMIUM;XIRECS;10004.0;5
903300;;;INTARIAN_PEPPER_ROOT;XIRECS;13354.0;4
903500;;;ASH_COATED_OSMIUM;XIRECS;9996.0;6
904000;;;INTARIAN_PEPPER_ROOT;XIRECS;13356.0;6
904400;;;INTARIAN_PEPPER_ROOT;XIRECS;13372.0;6
906200;;;INTARIAN_PEPPER_ROOT;XIRECS;13377.0;5
906200;;;ASH_COATED_OSMIUM;XIRECS;9998.0;9
908900;;;INTARIAN_PEPPER_ROOT;XIRECS;13372.0;5
910900;;;INTARIAN_PEPPER_ROOT;XIRECS;13391.0;6
911500;;;ASH_COATED_OSMIUM;XIRECS;10007.0;8
911900;;;INTARIAN_PEPPER_ROOT;XIRECS;13381.0;5
916300;;;INTARIAN_PEPPER_ROOT;XIRECS;13410.0;6
916700;;;ASH_COATED_OSMIUM;XIRECS;10004.0;5
919400;;;ASH_COATED_OSMIUM;XIRECS;9993.0;9
920200;;;INTARIAN_PEPPER_ROOT;XIRECS;13418.0;6
920300;;;INTARIAN_PEPPER_ROOT;XIRECS;13420.0;4
923400;;;INTARIAN_PEPPER_ROOT;XIRECS;13418.0;8
924600;;;ASH_COATED_OSMIUM;XIRECS;10011.0;6
925400;;;ASH_COATED_OSMIUM;XIRECS;10003.0;3
926200;;;INTARIAN_PEPPER_ROOT;XIRECS;13427.0;4
927500;;;INTARIAN_PEPPER_ROOT;XIRECS;13444.0;4
927700;;;INTARIAN_PEPPER_ROOT;XIRECS;13431.0;3
929400;;;ASH_COATED_OSMIUM;XIRECS;10000.0;2
931200;;;INTARIAN_PEPPER_ROOT;XIRECS;13444.0;4
931500;;;ASH_COATED_OSMIUM;XIRECS;9992.0;4
931600;;;ASH_COATED_OSMIUM;XIRECS;10001.0;2
931900;;;ASH_COATED_OSMIUM;XIRECS;10009.0;5
932100;;;INTARIAN_PEPPER_ROOT;XIRECS;13459.0;6
932300;;;ASH_COATED_OSMIUM;XIRECS;10010.0;7
935600;;;ASH_COATED_OSMIUM;XIRECS;10008.0;3
936300;;;ASH_COATED_OSMIUM;XIRECS;9992.0;5
936400;;;INTARIAN_PEPPER_ROOT;XIRECS;13474.0;4
936700;;;INTARIAN_PEPPER_ROOT;XIRECS;13473.0;8
937400;;;ASH_COATED_OSMIUM;XIRECS;10005.0;3
938500;;;INTARIAN_PEPPER_ROOT;XIRECS;13465.0;7
940000;;;INTARIAN_PEPPER_ROOT;XIRECS;13485.0;5
943400;;;ASH_COATED_OSMIUM;XIRECS;9991.0;9
943900;;;INTARIAN_PEPPER_ROOT;XIRECS;13484.0;7
945600;;;ASH_COATED_OSMIUM;XIRECS;10009.0;6
945700;;;INTARIAN_PEPPER_ROOT;XIRECS;13505.0;3
947500;;;INTARIAN_PEPPER_ROOT;XIRECS;13509.0;3
950500;;;INTARIAN_PEPPER_ROOT;XIRECS;13517.0;4
950800;;;INTARIAN_PEPPER_ROOT;XIRECS;13520.0;3
952700;;;ASH_COATED_OSMIUM;XIRECS;9994.0;5
954500;;;ASH_COATED_OSMIUM;XIRECS;10012.0;2
956000;;;INTARIAN_PEPPER_ROOT;XIRECS;13522.0;3
956700;;;INTARIAN_PEPPER_ROOT;XIRECS;13526.0;6
956900;;;INTARIAN_PEPPER_ROOT;XIRECS;13525.0;7
957300;;;ASH_COATED_OSMIUM;XIRECS;10009.0;5
958400;;;ASH_COATED_OSMIUM;XIRECS;9992.0;2
959000;;;INTARIAN_PEPPER_ROOT;XIRECS;13546.0;6
959100;;;ASH_COATED_OSMIUM;XIRECS;10010.0;3
959300;;;INTARIAN_PEPPER_ROOT;XIRECS;13548.0;3
959300;;;ASH_COATED_OSMIUM;XIRECS;9990.0;7
959900;;;INTARIAN_PEPPER_ROOT;XIRECS;13533.0;5
961000;;;INTARIAN_PEPPER_ROOT;XIRECS;13552.0;8
961200;;;ASH_COATED_OSMIUM;XIRECS;10008.0;10
961800;;;ASH_COATED_OSMIUM;XIRECS;10009.0;5
963200;;;ASH_COATED_OSMIUM;XIRECS;10009.0;7
963700;;;ASH_COATED_OSMIUM;XIRECS;10010.0;7
963700;;;ASH_COATED_OSMIUM;XIRECS;10010.0;4
964300;;;INTARIAN_PEPPER_ROOT;XIRECS;13563.0;4
964500;;;ASH_COATED_OSMIUM;XIRECS;10001.0;6
966600;;;ASH_COATED_OSMIUM;XIRECS;9993.0;5
968900;;;ASH_COATED_OSMIUM;XIRECS;10001.0;3
971600;;;INTARIAN_PEPPER_ROOT;XIRECS;13580.0;4
973300;;;ASH_COATED_OSMIUM;XIRECS;10002.0;3
975000;;;ASH_COATED_OSMIUM;XIRECS;10001.0;5
975600;;;ASH_COATED_OSMIUM;XIRECS;10001.0;2
976000;;;INTARIAN_PEPPER_ROOT;XIRECS;13586.0;5
977600;;;ASH_COATED_OSMIUM;XIRECS;10001.0;3
981700;;;ASH_COATED_OSMIUM;XIRECS;9998.0;5
982000;;;ASH_COATED_OSMIUM;XIRECS;10001.0;6
982400;;;ASH_COATED_OSMIUM;XIRECS;9993.0;3
985700;;;INTARIAN_PEPPER_ROOT;XIRECS;13617.0;4
985800;;;ASH_COATED_OSMIUM;XIRECS;9991.0;6
987700;;;ASH_COATED_OSMIUM;XIRECS;10009.0;4
988600;;;ASH_COATED_OSMIUM;XIRECS;9992.0;6
989000;;;INTARIAN_PEPPER_ROOT;XIRECS;13640.0;5
990300;;;INTARIAN_PEPPER_ROOT;XIRECS;13646.0;5
990400;;;INTARIAN_PEPPER_ROOT;XIRECS;13638.0;5
993400;;;ASH_COATED_OSMIUM;XIRECS;10000.0;2
996100;;;ASH_COATED_OSMIUM;XIRECS;9999.0;5
997200;;;INTARIAN_PEPPER_ROOT;XIRECS;13667.0;7
997700;;;ASH_COATED_OSMIUM;XIRECS;10001.0;6
998200;;;ASH_COATED_OSMIUM;XIRECS;9994.0;3
999900;;;INTARIAN_PEPPER_ROOT;XIRECS;13675.0;6