timestamp;buyer;seller;symbol;currency;price;quantity
200;;;ASH_COATED_OSMIUM;XIRECS;10003.0;6
1600;;;INTARIAN_PEPPER_ROOT;XIRECS;12998.0;4
2600;;;INTARIAN_PEPPER_ROOT;XIRECS;13007.0;6
4000;;;ASH_COATED_OSMIUM;XIRECS;10009.0;3
5700;;;ASH_COATED_OSMIUM;XIRECS;9993.0;10
10100;;;ASH_COATED_OSMIUM;XIRECS;10016.0;5
10200;;;INTARIAN_PEPPER_ROOT;XIRECS;13007.0;7
10600;;;ASH_COATED_OSMIUM;XIRECS;10011.0;2
11000;;;ASH_COATED_OSMIUM;XIRECS;10010.0;8
11200;;;ASH_COATED_OSMIUM;XIRECS;10029.0;3
11200;;;ASH_COATED_OSMIUM;XIRECS;10021.0;6
11200;;;ASH_COATED_OSMIUM;XIRECS;10021.0;4
12500;;;ASH_COATED_OSMIUM;XIRECS;9993.0;2
13800;;;ASH_COATED_OSMIUM;XIRECS;10004.0;6
15500;;;ASH_COATED_OSMIUM;XIRECS;9994.0;2
16100;;;ASH_COATED_OSMIUM;XIRECS;9995.0;4
16700;;;INTARIAN_PEPPER_ROOT;XIRECS;13015.0;7
16800;;;INTARIAN_PEPPER_ROOT;XIRECS;13013.0;4
17400;;;ASH_COATED_OSMIUM;XIRECS;10022.0;8
17600;;;INTARIAN_PEPPER_ROOT;XIRECS;13027.0;5
18600;;;ASH_COATED_OSMIUM;XIRECS;10011.0;3
21300;;;ASH_COATED_OSMIUM;XIRECS;10024.0;5
22500;;;ASH_COATED_OSMIUM;XIRECS;10021.0;4
26200;;;ASH_COATED_OSMIUM;XIRECS;9994.0;6
28300;;;INTARIAN_PEPPER_ROOT;XIRECS;13040.0;6
28600;;;ASH_COATED_OSMIUM;XIRECS;10010.0;5
28900;;;INTARIAN_PEPPER_ROOT;XIRECS;13028.0;7
29300;;;ASH_COATED_OSMIUM;XIRECS;10010.0;2
30200;;;INTARIAN_PEPPER_ROOT;XIRECS;13028.0;7
30400;;;ASH_COATED_OSMIUM;XIRECS;9995.0;7
30400;;;ASH_COATED_OSMIUM;XIRECS;10012.0;5
33500;;;ASH_COATED_OSMIUM;XIRECS;9995.0;5
34300;;;INTARIAN_PEPPER_ROOT;XIRECS;13048.0;6
34300;;;ASH_COATED_OSMIUM;XIRECS;10011.0;2
35000;;;INTARIAN_PEPPER_ROOT;XIRECS;13048.0;3
35600;;;INTARIAN_PEPPER_ROOT;XIRECS;13047.0;3
41100;;;ASH_COATED_OSMIUM;XIRECS;10007.0;8
41400;;;ASH_COATED_OSMIUM;XIRECS;10008.0;2
42100;;;ASH_COATED_OSMIUM;XIRECS;10003.0;8
44000;;;ASH_COATED_OSMIUM;XIRECS;10016.0;2
44300;;;ASH_COATED_OSMIUM;XIRECS;10011.0;5
44800;;;ASH_COATED_OSMIUM;XIRECS;10006.0;2
47700;;;INTARIAN_PEPPER_ROOT;XIRECS;13049.0;6
50000;;;INTARIAN_PEPPER_ROOT;XIRECS;13063.0;6
50000;;;ASH_COATED_OSMIUM;XIRECS;10007.0;4
52300;;;ASH_COATED_OSMIUM;XIRECS;10023.0;3
52900;;;ASH_COATED_OSMIUM;XIRECS;10021.0;9
55100;;;ASH_COATED_OSMIUM;XIRECS;9997.0;4
56100;;;INTARIAN_PEPPER_ROOT;XIRECS;13057.0;3
56900;;;ASH_COATED_OSMIUM;XIRECS;10012.0;10
58600;;;INTARIAN_PEPPER_ROOT;XIRECS;13076.0;4
59100;;;INTARIAN_PEPPER_ROOT;XIRECS;13059.0;3
60500;;;ASH_COATED_OSMIUM;XIRECS;10025.0;3
61300;;;ASH_COATED_OSMIUM;XIRECS;10021.0;3
61600;;;INTARIAN_PEPPER_ROOT;XIRECS;13062.0;7
61600;;;INTARIAN_PEPPER_ROOT;XIRECS;13077.0;5
64300;;;INTARIAN_PEPPER_ROOT;XIRECS;13074.0;4
68100;;;INTARIAN_PEPPER_ROOT;XIRECS;13084.0;5
68200;;;ASH_COATED_OSMIUM;XIRECS;10021.0;6
69300;;;ASH_COATED_OSMIUM;XIRECS;10010.0;3
70100;;;INTARIAN_PEPPER_ROOT;XIRECS;13073.0;8
73700;;;INTARIAN_PEPPER_ROOT;XIRECS;13090.0;6
74600;;;ASH_COATED_OSMIUM;XIRECS;10013.0;4
75200;;;ASH_COATED_OSMIUM;XIRECS;10011.0;8
75400;;;INTARIAN_PEPPER_ROOT;XIRECS;13093.0;6
76500;;;ASH_COATED_OSMIUM;XIRECS;10002.0;6
77100;;;ASH_COATED_OSMIUM;XIRECS;10016.0;2
82100;;;INTARIAN_PEPPER_ROOT;XIRECS;13086.0;4
82600;;;ASH_COATED_OSMIUM;XIRECS;9998.0;5
83000;;;INTARIAN_PEPPER_ROOT;XIRECS;13083.0;7
84300;;;ASH_COATED_OSMIUM;XIRECS;10009.0;3
84800;;;ASH_COATED_OSMIUM;XIRECS;10012.0;3
86600;;;ASH_COATED_OSMIUM;XIRECS;10017.0;5
89800;;;INTARIAN_PEPPER_ROOT;XIRECS;13093.0;6
91000;;;INTARIAN_PEPPER_ROOT;XIRECS;13094.0;8
93000;;;INTARIAN_PEPPER_ROOT;XIRECS;13097.0;6
93300;;;ASH_COATED_OSMIUM;XIRECS;10021.0;2
98000;;;ASH_COATED_OSMIUM;XIRECS;10006.0;5
99200;;;INTARIAN_PEPPER_ROOT;XIRECS;13117.0;3
100300;;;ASH_COATED_OSMIUM;XIRECS;10018.0;5
102800;;;ASH_COATED_OSMIUM;XIRECS;10021.0;3
105000;;;ASH_COATED_OSMIUM;XIRECS;10025.0;8
107600;;;INTARIAN_PEPPER_ROOT;XIRECS;13113.0;7
107800;;;ASH_COATED_OSMIUM;XIRECS;10002.0;2
108000;;;INTARIAN_PEPPER_ROOT;XIRECS;13114.0;7
108900;;;INTARIAN_PEPPER_ROOT;XIRECS;13129.0;3
110700;;;ASH_COATED_OSMIUM;XIRECS;10004.0;2
110900;;;INTARIAN_PEPPER_ROOT;XIRECS;13129.0;8
111000;;;ASH_COATED_OSMIUM;XIRECS;10004.0;3
112100;;;INTARIAN_PEPPER_ROOT;XIRECS;13119.0;6
112500;;;ASH_COATED_OSMIUM;XIRECS;10013.0;8
113400;;;INTARIAN_PEPPER_ROOT;XIRECS;13119.0;8
113400;;;ASH_COATED_OSMIUM;XIRECS;10000.0;8
114400;;;INTARIAN_PEPPER_ROOT;XIRECS;13134.0;3
117800;;;INTARIAN_PEPPER_ROOT;XIRECS;13138.0;5
119000;;;ASH_COATED_OSMIUM;XIRECS;9991.0;6
119300;;;ASH_COATED_OSMIUM;XIRECS;9991.0;6
120300;;;ASH_COATED_OSMIUM;XIRECS;10009.0;5
120800;;;ASH_COATED_OSMIUM;XIRECS;10007.0;6
121700;;;ASH_COATED_OSMIUM;XIRECS;9990.0;3
122000;;;ASH_COATED_OSMIUM;XIRECS;10004.0;8
122500;;;INTARIAN_PEPPER_ROOT;XIRECS;13129.0;3
123800;;;INTARIAN_PEPPER_ROOT;XIRECS;13131.0;3
125300;;;INTARIAN_PEPPER_ROOT;XIRECS;13145.0;8
127100;;;ASH_COATED_OSMIUM;XIRECS;10007.0;5
129100;;;INTARIAN_PEPPER_ROOT;XIRECS;13151.0;5
130900;;;ASH_COATED_OSMIUM;XIRECS;10015.0;7
131700;;;INTARIAN_PEPPER_ROOT;XIRECS;13139.0;4
131900;;;INTARIAN_PEPPER_ROOT;XIRECS;13140.0;7
132200;;;INTARIAN_PEPPER_ROOT;XIRECS;13139.0;4
133800;;;INTARIAN_PEPPER_ROOT;XIRECS;13155.0;6
134800;;;INTARIAN_PEPPER_ROOT;XIRECS;13143.0;3
136300;;;ASH_COATED_OSMIUM;XIRECS;10001.0;3
136900;;;ASH_COATED_OSMIUM;XIRECS;10021.0;6
137600;;;ASH_COATED_OSMIUM;XIRECS;10012.0;3
139000;;;ASH_COATED_OSMIUM;XIRECS;10025.0;4
140800;;;ASH_COATED_OSMIUM;XIRECS;9996.0;6
141600;;;ASH_COATED_OSMIUM;XIRECS;10000.0;9
142300;;;ASH_COATED_OSMIUM;XIRECS;10001.0;2
143300;;;ASH_COATED_OSMIUM;XIRECS;9991.0;4
144800;;;ASH_COATED_OSMIUM;XIRECS;10014.0;2
147100;;;INTARIAN_PEPPER_ROOT;XIRECS;13156.0;8
149700;;;INTARIAN_PEPPER_ROOT;XIRECS;13159.0;7
152000;;;INTARIAN_PEPPER_ROOT;XIRECS;13161.0;5
152700;;;ASH_COATED_OSMIUM;XIRECS;10005.0;6
153600;;;ASH_COATED_OSMIUM;XIRECS;10012.0;5
155000;;;ASH_COATED_OSMIUM;XIRECS;10021.0;9
156900;;;ASH_COATED_OSMIUM;XIRECS;10009.0;5
161400;;;ASH_COATED_OSMIUM;XIRECS;10005.0;5
163100;;;INTARIAN_PEPPER_ROOT;XIRECS;13174.0;6
163200;;;INTARIAN_PEPPER_ROOT;XIRECS;13173.0;5
164700;;;INTARIAN_PEPPER_ROOT;XIRECS;13189.0;3
166300;;;ASH_COATED_OSMIUM;XIRECS;10000.0;4
171100;;;ASH_COATED_OSMIUM;XIRECS;10011.0;2
171800;;;ASH_COATED_OSMIUM;XIRECS;10022.0;5
172500;;;INTARIAN_PEPPER_ROOT;XIRECS;13183.0;5
173600;;;ASH_COATED_OSMIUM;XIRECS;10016.0;5
173600;;;ASH_COATED_OSMIUM;XIRECS;10016.0;10
174300;;;ASH_COATED_OSMIUM;XIRECS;10005.0;3
177800;;;ASH_COATED_OSMIUM;XIRECS;10009.0;5
177900;;;ASH_COATED_OSMIUM;XIRECS;9996.0;9
179100;;;INTARIAN_PEPPER_ROOT;XIRECS;13206.0;6
182400;;;INTARIAN_PEPPER_ROOT;XIRECS;13202.0;8
184000;;;ASH_COATED_OSMIUM;XIRECS;10009.0;6
185100;;;INTARIAN_PEPPER_ROOT;XIRECS;13198.0;3
185900;;;ASH_COATED_OSMIUM;XIRECS;10017.0;10
188700;;;INTARIAN_PEPPER_ROOT;XIRECS;13213.0;4
189000;;;ASH_COATED_OSMIUM;XIRECS;10007.0;2
189800;;;ASH_COATED_OSMIUM;XIRECS;10011.0;9
192800;;;ASH_COATED_OSMIUM;XIRECS;10006.0;3
194400;;;INTARIAN_PEPPER_ROOT;XIRECS;13208.0;5
195300;;;ASH_COATED_OSMIUM;XIRECS;10005.0;4
196000;;;INTARIAN_PEPPER_ROOT;XIRECS;13222.0;6
196500;;;ASH_COATED_OSMIUM;XIRECS;10013.0;5
199000;;;ASH_COATED_OSMIUM;XIRECS;10004.0;3
199300;;;ASH_COATED_OSMIUM;XIRECS;9996.0;5
199400;;;ASH_COATED_OSMIUM;XIRECS;10010.0;6
200100;;;INTARIAN_PEPPER_ROOT;XIRECS;13213.0;6
200700;;;ASH_COATED_OSMIUM;XIRECS;10005.0;10
200900;;;ASH_COATED_OSMIUM;XIRECS;10005.0;5
202200;;;INTARIAN_PEPPER_ROOT;XIRECS;13215.0;7
203400;;;ASH_COATED_OSMIUM;XIRECS;10016.0;5
203900;;;ASH_COATED_OSMIUM;XIRECS;10009.0;5
204500;;;INTARIAN_PEPPER_ROOT;XIRECS;13231.0;3
204600;;;ASH_COATED_OSMIUM;XIRECS;10010.0;6
208600;;;INTARIAN_PEPPER_ROOT;XIRECS;13235.0;7
208800;;;INTARIAN_PEPPER_ROOT;XIRECS;13235.0;6
209300;;;ASH_COATED_OSMIUM;XIRECS;10026.0;6
210200;;;INTARIAN_PEPPER_ROOT;XIRECS;13236.0;3
210900;;;INTARIAN_PEPPER_ROOT;XIRECS;13226.0;7
211500;;;INTARIAN_PEPPER_ROOT;XIRECS;13238.0;6
213100;;;ASH_COATED_OSMIUM;XIRECS;10008.0;2
215500;;;INTARIAN_PEPPER_ROOT;XIRECS;13244.0;5
216100;;;INTARIAN_PEPPER_ROOT;XIRECS;13243.0;4
218400;;;INTARIAN_PEPPER_ROOT;XIRECS;13248.0;6
223100;;;INTARIAN_PEPPER_ROOT;XIRECS;13238.0;3
224800;;;INTARIAN_PEPPER_ROOT;XIRECS;13255.0;5
224900;;;ASH_COATED_OSMIUM;XIRECS;10007.0;8
225000;;;ASH_COATED_OSMIUM;XIRECS;10004.0;2
225200;;;ASH_COATED_OSMIUM;XIRECS;10003.0;2
225700;;;ASH_COATED_OSMIUM;XIRECS;10005.0;5
226400;;;ASH_COATED_OSMIUM;XIRECS;10022.0;5
229000;;;INTARIAN_PEPPER_ROOT;XIRECS;13257.0;7
229000;;;INTARIAN_PEPPER_ROOT;XIRECS;13245.0;3
231200;;;INTARIAN_PEPPER_ROOT;XIRECS;13261.0;7
232200;;;INTARIAN_PEPPER_ROOT;XIRECS;13248.0;5
233300;;;INTARIAN_PEPPER_ROOT;XIRECS;13249.0;5
235500;;;INTARIAN_PEPPER_ROOT;XIRECS;13266.0;4
238400;;;INTARIAN_PEPPER_ROOT;XIRECS;13253.0;3
239300;;;INTARIAN_PEPPER_ROOT;XIRECS;13260.0;5
240500;;;ASH_COATED_OSMIUM;XIRECS;10022.0;2
240900;;;ASH_COATED_OSMIUM;XIRECS;10000.0;9
241400;;;ASH_COATED_OSMIUM;XIRECS;10009.0;3
242300;;;ASH_COATED_OSMIUM;XIRECS;9999.0;4
242700;;;ASH_COATED_OSMIUM;XIRECS;10007.0;6
243200;;;ASH_COATED_OSMIUM;XIRECS;10011.0;2
243400;;;ASH_COATED_OSMIUM;XIRECS;10001.0;7
245700;;;INTARIAN_PEPPER_ROOT;XIRECS;13263.0;6
246200;;;INTARIAN_PEPPER_ROOT;XIRECS;13278.0;4
248300;;;ASH_COATED_OSMIUM;XIRECS;10020.0;5
248900;;;INTARIAN_PEPPER_ROOT;XIRECS;13281.0;4
251100;;;ASH_COATED_OSMIUM;XIRECS;10006.0;5
254700;;;ASH_COATED_OSMIUM;XIRECS;10018.0;5
254900;;;ASH_COATED_OSMIUM;XIRECS;10012.0;4
255500;;;INTARIAN_PEPPER_ROOT;XIRECS;13284.0;6
255500;;;ASH_COATED_OSMIUM;XIRECS;10017.0;10
256400;;;ASH_COATED_OSMIUM;XIRECS;10006.0;5
258500;;;ASH_COATED_OSMIUM;XIRECS;10006.0;8
259300;;;INTARIAN_PEPPER_ROOT;XIRECS;13278.0;5
259700;;;ASH_COATED_OSMIUM;XIRECS;10017.0;3
260400;;;ASH_COATED_OSMIUM;XIRECS;10006.0;2
260900;;;ASH_COATED_OSMIUM;XIRECS;10001.0;6
266200;;;INTARIAN_PEPPER_ROOT;XIRECS;13297.0;4
270800;;;INTARIAN_PEPPER_ROOT;XIRECS;13297.0;6
272600;;;ASH_COATED_OSMIUM;XIRECS;10024.0;6
273800;;;INTARIAN_PEPPER_ROOT;XIRECS;13308.0;6
275800;;;INTARIAN_PEPPER_ROOT;XIRECS;13308.0;4
281100;;;ASH_COATED_OSMIUM;XIRECS;10023.0;2
281400;;;ASH_COATED_OSMIUM;XIRECS;10012.0;3
283500;;;INTARIAN_PEPPER_ROOT;XIRECS;13304.0;3
284500;;;INTARIAN_PEPPER_ROOT;XIRECS;13317.0;5
285000;;;INTARIAN_PEPPER_ROOT;XIRECS;13318.0;5
286800;;;INTARIAN_PEPPER_ROOT;XIRECS;13322.0;3
287700;;;ASH_COATED_OSMIUM;XIRECS;10006.0;4
287800;;;ASH_COATED_OSMIUM;XIRECS;10000.0;3
289200;;;ASH_COATED_OSMIUM;XIRECS;10004.0;5
289600;;;INTARIAN_PEPPER_ROOT;XIRECS;13324.0;5
289600;;;ASH_COATED_OSMIUM;XIRECS;10012.0;3
289700;;;INTARIAN_PEPPER_ROOT;XIRECS;13311.0;7
289800;;;ASH_COATED_OSMIUM;XIRECS;10013.0;4
291000;;;ASH_COATED_OSMIUM;XIRECS;10005.0;4
291500;;;INTARIAN_PEPPER_ROOT;XIRECS;13313.0;3
292500;;;ASH_COATED_OSMIUM;XIRECS;10013.0;9
292800;;;INTARIAN_PEPPER_ROOT;XIRECS;13327.0;8
292900;;;INTARIAN_PEPPER_ROOT;XIRECS;13327.0;6
293700;;;ASH_COATED_OSMIUM;XIRECS;10019.0;5
294000;;;ASH_COATED_OSMIUM;XIRECS;10010.0;3
295500;;;ASH_COATED_OSMIUM;XIRECS;10021.0;8
296600;;;ASH_COATED_OSMIUM;XIRECS;10025.0;8
297500;;;INTARIAN_PEPPER_ROOT;XIRECS;13332.0;3
300500;;;ASH_COATED_OSMIUM;XIRECS;10000.0;4
300600;;;ASH_COATED_OSMIUM;XIRECS;10020.0;5
307600;;;ASH_COATED_OSMIUM;XIRECS;10007.0;5
314300;;;INTARIAN_PEPPER_ROOT;XIRECS;13337.0;7
316400;;;INTARIAN_PEPPER_ROOT;XIRECS;13352.0;5
316400;;;ASH_COATED_OSMIUM;XIRECS;9995.0;4
318300;;;ASH_COATED_OSMIUM;XIRECS;10001.0;2
319500;;;INTARIAN_PEPPER_ROOT;XIRECS;13343.0;7
320000;;;INTARIAN_PEPPER_ROOT;XIRECS;13357.0;5
321800;;;ASH_COATED_OSMIUM;XIRECS;10016.0;9
322500;;;INTARIAN_PEPPER_ROOT;XIRECS;13345.0;6
323900;;;INTARIAN_PEPPER_ROOT;XIRECS;13348.0;7
324900;;;ASH_COATED_OSMIUM;XIRECS;10000.0;6
326200;;;ASH_COATED_OSMIUM;XIRECS;10007.0;9
326500;;;ASH_COATED_OSMIUM;XIRECS;10010.0;2
328100;;;INTARIAN_PEPPER_ROOT;XIRECS;13365.0;5
328500;;;ASH_COATED_OSMIUM;XIRECS;10010.0;6
329800;;;INTARIAN_PEPPER_ROOT;XIRECS;13367.0;4
332200;;;ASH_COATED_OSMIUM;XIRECS;10001.0;6
335700;;;ASH_COATED_OSMIUM;XIRECS;10013.0;5
338700;;;ASH_COATED_OSMIUM;XIRECS;10011.0;7
338800;;;ASH_COATED_OSMIUM;XIRECS;9997.0;4
339000;;;ASH_COATED_OSMIUM;XIRECS;10010.0;5
341000;;;INTARIAN_PEPPER_ROOT;XIRECS;13364.0;6
341200;;;ASH_COATED_OSMIUM;XIRECS;10001.0;10
341700;;;ASH_COATED_OSMIUM;XIRECS;10012.0;3
342700;;;ASH_COATED_OSMIUM;XIRECS;10012.0;8
346200;;;ASH_COATED_OSMIUM;XIRECS;10006.0;6
349400;;;ASH_COATED_OSMIUM;XIRECS;10022.0;6
351000;;;INTARIAN_PEPPER_ROOT;XIRECS;13384.0;6
354500;;;ASH_COATED_OSMIUM;XIRECS;10002.0;4
355000;;;ASH_COATED_OSMIUM;XIRECS;10017.0;10
356100;;;ASH_COATED_OSMIUM;XIRECS;10018.0;3
356200;;;ASH_COATED_OSMIUM;XIRECS;10002.0;4
356600;;;INTARIAN_PEPPER_ROOT;XIRECS;13381.0;4
357600;;;ASH_COATED_OSMIUM;XIRECS;9997.0;5
357900;;;ASH_COATED_OSMIUM;XIRECS;10001.0;5
359700;;;ASH_COATED_OSMIUM;XIRECS;10011.0;6
362700;;;INTARIAN_PEPPER_ROOT;XIRECS;13403.0;4
363600;;;ASH_COATED_OSMIUM;XIRECS;10003.0;2
364700;;;ASH_COATED_OSMIUM;XIRECS;10005.0;8
365600;;;ASH_COATED_OSMIUM;XIRECS;10011.0;3
366000;;;INTARIAN_PEPPER_ROOT;XIRECS;13394.0;8
366100;;;INTARIAN_PEPPER_ROOT;XIRECS;13406.0;6
369700;;;INTARIAN_PEPPER_ROOT;XIRECS;13397.0;5
369900;;;ASH_COATED_OSMIUM;XIRECS;9993.0;9
372200;;;INTARIAN_PEPPER_ROOT;XIRECS;13412.0;3
372900;;;INTARIAN_PEPPER_ROOT;XIRECS;13416.0;5
379700;;;ASH_COATED_OSMIUM;XIRECS;10012.0;3
381300;;;ASH_COATED_OSMIUM;XIRECS;10004.0;6
383300;;;INTARIAN_PEPPER_ROOT;XIRECS;13413.0;6
383600;;;ASH_COATED_OSMIUM;XIRECS;10018.0;5
384100;;;ASH_COATED_OSMIUM;XIRECS;10016.0;10
388200;;;INTARIAN_PEPPER_ROOT;XIRECS;13417.0;6
388200;;;INTARIAN_PEPPER_ROOT;XIRECS;13431.0;7
388400;;;INTARIAN_PEPPER_ROOT;XIRECS;13430.0;3
389300;;;ASH_COATED_OSMIUM;XIRECS;10017.0;6
390400;;;ASH_COATED_OSMIUM;XIRECS;10015.0;10
390500;;;INTARIAN_PEPPER_ROOT;XIRECS;13433.0;5
390600;;;INTARIAN_PEPPER_ROOT;XIRECS;13421.0;4
390900;;;ASH_COATED_OSMIUM;XIRECS;9993.0;6
393000;;;ASH_COATED_OSMIUM;XIRECS;10002.0;4
393000;;;ASH_COATED_OSMIUM;XIRECS;10002.0;4
395100;;;ASH_COATED_OSMIUM;XIRECS;10011.0;9
395300;;;INTARIAN_PEPPER_ROOT;XIRECS;13425.0;5
395900;;;ASH_COATED_OSMIUM;XIRECS;10014.0;5
397500;;;INTARIAN_PEPPER_ROOT;XIRECS;13428.0;7
400700;;;INTARIAN_PEPPER_ROOT;XIRECS;13443.0;3
401000;;;ASH_COATED_OSMIUM;XIRECS;10021.0;3
401500;;;ASH_COATED_OSMIUM;XIRECS;10012.0;3
401500;;;ASH_COATED_OSMIUM;XIRECS;10012.0;4
402000;;;INTARIAN_PEPPER_ROOT;XIRECS;13447.0;7
404600;;;INTARIAN_PEPPER_ROOT;XIRECS;13448.0;3
404700;;;INTARIAN_PEPPER_ROOT;XIRECS;13434.0;6
405500;;;INTARIAN_PEPPER_ROOT;XIRECS;13444.0;4
406100;;;INTARIAN_PEPPER_ROOT;XIRECS;13436.0;7
409300;;;ASH_COATED_OSMIUM;XIRECS;10000.0;7
409700;;;ASH_COATED_OSMIUM;XIRECS;9985.0;6
410500;;;INTARIAN_PEPPER_ROOT;XIRECS;13456.0;5
411300;;;INTARIAN_PEPPER_ROOT;XIRECS;13440.0;3
412800;;;INTARIAN_PEPPER_ROOT;XIRECS;13444.0;4
413800;;;ASH_COATED_OSMIUM;XIRECS;9999.0;10
414200;;;ASH_COATED_OSMIUM;XIRECS;10016.0;4
416900;;;INTARIAN_PEPPER_ROOT;XIRECS;13461.0;6
418500;;;INTARIAN_PEPPER_ROOT;XIRECS;13449.0;3
419400;;;INTARIAN_PEPPER_ROOT;XIRECS;13464.0;6
419700;;;INTARIAN_PEPPER_ROOT;XIRECS;13465.0;6
420100;;;ASH_COATED_OSMIUM;XIRECS;10009.0;6
423700;;;ASH_COATED_OSMIUM;XIRECS;10011.0;4
424300;;;ASH_COATED_OSMIUM;XIRECS;10011.0;4
426000;;;ASH_COATED_OSMIUM;XIRECS;10018.0;4
426900;;;ASH_COATED_OSMIUM;XIRECS;10018.0;6
428600;;;ASH_COATED_OSMIUM;XIRECS;10013.0;2
430900;;;INTARIAN_PEPPER_ROOT;XIRECS;13476.0;5
431600;;;INTARIAN_PEPPER_ROOT;XIRECS;13477.0;6
432100;;;INTARIAN_PEPPER_ROOT;XIRECS;13465.0;5
432300;;;ASH_COATED_OSMIUM;XIRECS;9995.0;4
432900;;;INTARIAN_PEPPER_ROOT;XIRECS;13478.0;3
433800;;;ASH_COATED_OSMIUM;XIRECS;10002.0;9
434900;;;ASH_COATED_OSMIUM;XIRECS;10014.0;6
435900;;;INTARIAN_PEPPER_ROOT;XIRECS;13470.0;5
439300;;;INTARIAN_PEPPER_ROOT;XIRECS;13485.0;5
441700;;;INTARIAN_PEPPER_ROOT;XIRECS;13473.0;6
443300;;;ASH_COATED_OSMIUM;XIRECS;10012.0;2
446500;;;ASH_COATED_OSMIUM;XIRECS;10013.0;2
448600;;;INTARIAN_PEPPER_ROOT;XIRECS;13483.0;7
451200;;;INTARIAN_PEPPER_ROOT;XIRECS;13486.0;6
451500;;;INTARIAN_PEPPER_ROOT;XIRECS;13486.0;4
452700;;;INTARIAN_PEPPER_ROOT;XIRECS;13486.0;5
453000;;;ASH_COATED_OSMIUM;XIRECS;10006.0;5
458400;;;ASH_COATED_OSMIUM;XIRECS;10004.0;3
460400;;;ASH_COATED_OSMIUM;XIRECS;10010.0;5
461400;;;ASH_COATED_OSMIUM;XIRECS;10011.0;5
461600;;;ASH_COATED_OSMIUM;XIRECS;10006.0;4
462100;;;INTARIAN_PEPPER_ROOT;XIRECS;13510.0;5
462600;;;INTARIAN_PEPPER_ROOT;XIRECS;13498.0;7
463000;;;ASH_COATED_OSMIUM;XIRECS;10007.0;8
467700;;;ASH_COATED_OSMIUM;XIRECS;10020.0;3
469600;;;ASH_COATED_OSMIUM;XIRECS;10007.0;5
469900;;;ASH_COATED_OSMIUM;XIRECS;10006.0;4
470000;;;ASH_COATED_OSMIUM;XIRECS;10012.0;7
471400;;;INTARIAN_PEPPER_ROOT;XIRECS;13520.0;4
475300;;;INTARIAN_PEPPER_ROOT;XIRECS;13512.0;6
475300;;;ASH_COATED_OSMIUM;XIRECS;10010.0;5
478400;;;INTARIAN_PEPPER_ROOT;XIRECS;13529.0;7
479200;;;INTARIAN_PEPPER_ROOT;XIRECS;13528.0;6
480200;;;ASH_COATED_OSMIUM;XIRECS;9998.0;4
480400;;;INTARIAN_PEPPER_ROOT;XIRECS;13529.0;7
481700;;;ASH_COATED_OSMIUM;XIRECS;9989.0;4
484200;;;INTARIAN_PEPPER_ROOT;XIRECS;13522.0;3
484800;;;INTARIAN_PEPPER_ROOT;XIRECS;13522.0;7
486000;;;INTARIAN_PEPPER_ROOT;XIRECS;13537.0;6
488800;;;ASH_COATED_OSMIUM;XIRECS;10000.0;6
489500;;;INTARIAN_PEPPER_ROOT;XIRECS;13527.0;3
489500;;;ASH_COATED_OSMIUM;XIRECS;10010.0;3
491000;;;ASH_COATED_OSMIUM;XIRECS;10012.0;10
491900;;;ASH_COATED_OSMIUM;XIRECS;10012.0;4
492000;;;INTARIAN_PEPPER_ROOT;XIRECS;13529.0;7
492200;;;INTARIAN_PEPPER_ROOT;XIRECS;13530.0;3
493500;;;INTARIAN_PEPPER_ROOT;XIRECS;13530.0;3
493600;;;ASH_COATED_OSMIUM;XIRECS;10000.0;6
494300;;;ASH_COATED_OSMIUM;XIRECS;9992.0;7
495200;;;ASH_COATED_OSMIUM;XIRECS;9998.0;2
495300;;;ASH_COATED_OSMIUM;XIRECS;10007.0;6
495600;;;INTARIAN_PEPPER_ROOT;XIRECS;13545.0;4
498200;;;ASH_COATED_OSMIUM;XIRECS;10008.0;5
498600;;;ASH_COATED_OSMIUM;XIRECS;10001.0;3
499300;;;ASH_COATED_OSMIUM;XIRECS;10027.0;9
501100;;;ASH_COATED_OSMIUM;XIRECS;10006.0;4
502200;;;ASH_COATED_OSMIUM;XIRECS;10008.0;6
503200;;;INTARIAN_PEPPER_ROOT;XIRECS;13542.0;3
505100;;;INTARIAN_PEPPER_ROOT;XIRECS;13557.0;6
505200;;;INTARIAN_PEPPER_ROOT;XIRECS;13544.0;3
507200;;;ASH_COATED_OSMIUM;XIRECS;10001.0;3
507200;;;ASH_COATED_OSMIUM;XIRECS;10001.0;6
507400;;;INTARIAN_PEPPER_ROOT;XIRECS;13561.0;3
510100;;;ASH_COATED_OSMIUM;XIRECS;9995.0;5
510400;;;ASH_COATED_OSMIUM;XIRECS;10015.0;2
512800;;;INTARIAN_PEPPER_ROOT;XIRECS;13565.0;7
513700;;;ASH_COATED_OSMIUM;XIRECS;10008.0;8
514800;;;INTARIAN_PEPPER_ROOT;XIRECS;13553.0;5
515000;;;INTARIAN_PEPPER_ROOT;XIRECS;13555.0;6
517500;;;ASH_COATED_OSMIUM;XIRECS;10008.0;2
518600;;;ASH_COATED_OSMIUM;XIRECS;10018.0;5
520400;;;INTARIAN_PEPPER_ROOT;XIRECS;13573.0;3
521400;;;INTARIAN_PEPPER_ROOT;XIRECS;13560.0;5
522700;;;ASH_COATED_OSMIUM;XIRECS;10008.0;5
523500;;;ASH_COATED_OSMIUM;XIRECS;10025.0;9
527500;;;INTARIAN_PEPPER_ROOT;XIRECS;13582.0;3
531100;;;INTARIAN_PEPPER_ROOT;XIRECS;13572.0;3
531400;;;ASH_COATED_OSMIUM;XIRECS;10013.0;3
531700;;;INTARIAN_PEPPER_ROOT;XIRECS;13571.0;8
532100;;;ASH_COATED_OSMIUM;XIRECS;9998.0;2
535700;;;ASH_COATED_OSMIUM;XIRECS;9997.0;4
536100;;;INTARIAN_PEPPER_ROOT;XIRECS;13590.0;5
540100;;;INTARIAN_PEPPER_ROOT;XIRECS;13580.0;5
541000;;;ASH_COATED_OSMIUM;XIRECS;10014.0;2
543600;;;ASH_COATED_OSMIUM;XIRECS;10023.0;2
545000;;;ASH_COATED_OSMIUM;XIRECS;10020.0;2
548000;;;INTARIAN_PEPPER_ROOT;XIRECS;13590.0;5
548100;;;INTARIAN_PEPPER_ROOT;XIRECS;13605.0;6
549800;;;ASH_COATED_OSMIUM;XIRECS;10017.0;2
552100;;;ASH_COATED_OSMIUM;XIRECS;10024.0;6
555300;;;INTARIAN_PEPPER_ROOT;XIRECS;13612.0;4
555500;;;INTARIAN_PEPPER_ROOT;XIRECS;13599.0;5
557100;;;INTARIAN_PEPPER_ROOT;XIRECS;13600.0;4
557400;;;ASH_COATED_OSMIUM;XIRECS;10014.0;7
560000;;;ASH_COATED_OSMIUM;XIRECS;10001.0;3
561200;;;ASH_COATED_OSMIUM;XIRECS;10003.0;3
561500;;;INTARIAN_PEPPER_ROOT;XIRECS;13618.0;4
562400;;;INTARIAN_PEPPER_ROOT;XIRECS;13619.0;4
563300;;;ASH_COATED_OSMIUM;XIRECS;10009.0;10
566100;;;ASH_COATED_OSMIUM;XIRECS;10021.0;5
574900;;;ASH_COATED_OSMIUM;XIRECS;9997.0;9
575300;;;INTARIAN_PEPPER_ROOT;XIRECS;13633.0;4
576000;;;INTARIAN_PEPPER_ROOT;XIRECS;13635.0;8
578000;;;INTARIAN_PEPPER_ROOT;XIRECS;13638.0;4
578400;;;INTARIAN_PEPPER_ROOT;XIRECS;13637.0;7
578700;;;INTARIAN_PEPPER_ROOT;XIRECS;13623.0;3
579200;;;ASH_COATED_OSMIUM;XIRECS;10014.0;3
579400;;;INTARIAN_PEPPER_ROOT;XIRECS;13639.0;5
580900;;;ASH_COATED_OSMIUM;XIRECS;10009.0;7
582400;;;ASH_COATED_OSMIUM;XIRECS;10005.0;3
584300;;;ASH_COATED_OSMIUM;XIRECS;10013.0;9
585400;;;INTARIAN_PEPPER_ROOT;XIRECS;13645.0;4
587000;;;ASH_COATED_OSMIUM;XIRECS;10019.0;5
590200;;;INTARIAN_PEPPER_ROOT;XIRECS;13635.0;6
591000;;;ASH_COATED_OSMIUM;XIRECS;9999.0;10
591800;;;INTARIAN_PEPPER_ROOT;XIRECS;13651.0;5
592600;;;INTARIAN_PEPPER_ROOT;XIRECS;13652.0;6
593200;;;INTARIAN_PEPPER_ROOT;XIRECS;13640.0;3
594400;;;ASH_COATED_OSMIUM;XIRECS;10003.0;8
596100;;;ASH_COATED_OSMIUM;XIRECS;10023.0;5
597000;;;INTARIAN_PEPPER_ROOT;XIRECS;13658.0;6
598000;;;ASH_COATED_OSMIUM;XIRECS;10021.0;5
600900;;;ASH_COATED_OSMIUM;XIRECS;9996.0;8
602600;;;ASH_COATED_OSMIUM;XIRECS;10003.0;5
603000;;;INTARIAN_PEPPER_ROOT;XIRECS;13666.0;3
603200;;;INTARIAN_PEPPER_ROOT;XIRECS;13662.0;3
604200;;;INTARIAN_PEPPER_ROOT;XIRECS;13664.0;5
605000;;;INTARIAN_PEPPER_ROOT;XIRECS;13652.0;5
606200;;;ASH_COATED_OSMIUM;XIRECS;9999.0;3
606600;;;INTARIAN_PEPPER_ROOT;XIRECS;13655.0;3
607200;;;ASH_COATED_OSMIUM;XIRECS;10023.0;9
608700;;;ASH_COATED_OSMIUM;XIRECS;10008.0;5
610500;;;INTARIAN_PEPPER_ROOT;XIRECS;13658.0;5
611000;;;INTARIAN_PEPPER_ROOT;XIRECS;13659.0;3
611900;;;ASH_COATED_OSMIUM;XIRECS;10015.0;5
612200;;;INTARIAN_PEPPER_ROOT;XIRECS;13673.0;6
614200;;;ASH_COATED_OSMIUM;XIRECS;9996.0;2
615500;;;INTARIAN_PEPPER_ROOT;XIRECS;13677.0;4
616100;;;ASH_COATED_OSMIUM;XIRECS;10006.0;4
617600;;;INTARIAN_PEPPER_ROOT;XIRECS;13679.0;3
619600;;;INTARIAN_PEPPER_ROOT;XIRECS;13680.0;6
621700;;;INTARIAN_PEPPER_ROOT;XIRECS;13685.0;6
622400;;;ASH_COATED_OSMIUM;XIRECS;10013.0;6
622500;;;INTARIAN_PEPPER_ROOT;XIRECS;13670.0;4
622800;;;ASH_COATED_OSMIUM;XIRECS;10013.0;8
625400;;;INTARIAN_PEPPER_ROOT;XIRECS;13688.0;4
626000;;;ASH_COATED_OSMIUM;XIRECS;10006.0;4
627100;;;ASH_COATED_OSMIUM;XIRECS;10010.0;6
627700;;;INTARIAN_PEPPER_ROOT;XIRECS;13690.0;6
631000;;;ASH_COATED_OSMIUM;XIRECS;10010.0;6
631100;;;ASH_COATED_OSMIUM;XIRECS;10007.0;7
632700;;;INTARIAN_PEPPER_ROOT;XIRECS;13680.0;7
633900;;;ASH_COATED_OSMIUM;XIRECS;10016.0;3
634500;;;INTARIAN_PEPPER_ROOT;XIRECS;13699.0;8
635300;;;ASH_COATED_OSMIUM;XIRECS;9999.0;6
637200;;;ASH_COATED_OSMIUM;XIRECS;10022.0;4
637700;;;INTARIAN_PEPPER_ROOT;XIRECS;13700.0;7
638600;;;ASH_COATED_OSMIUM;XIRECS;10014.0;3
640400;;;ASH_COATED_OSMIUM;XIRECS;10015.0;2
641100;;;INTARIAN_PEPPER_ROOT;XIRECS;13705.0;6
641900;;;ASH_COATED_OSMIUM;XIRECS;10016.0;5
642400;;;ASH_COATED_OSMIUM;XIRECS;10011.0;4
644900;;;INTARIAN_PEPPER_ROOT;XIRECS;13708.0;5
646000;;;INTARIAN_PEPPER_ROOT;XIRECS;13696.0;6
646500;;;ASH_COATED_OSMIUM;XIRECS;10011.0;4
647100;;;ASH_COATED_OSMIUM;XIRECS;10014.0;10
647500;;;INTARIAN_PEPPER_ROOT;XIRECS;13697.0;7
647700;;;INTARIAN_PEPPER_ROOT;XIRECS;13703.0;3
648300;;;INTARIAN_PEPPER_ROOT;XIRECS;13711.0;6
649200;;;INTARIAN_PEPPER_ROOT;XIRECS;13700.0;4
650100;;;INTARIAN_PEPPER_ROOT;XIRECS;13714.0;8
650200;;;INTARIAN_PEPPER_ROOT;XIRECS;13713.0;6
651200;;;INTARIAN_PEPPER_ROOT;XIRECS;13703.0;3
653500;;;ASH_COATED_OSMIUM;XIRECS;10017.0;3
654000;;;ASH_COATED_OSMIUM;XIRECS;9996.0;9
654900;;;ASH_COATED_OSMIUM;XIRECS;10014.0;5
657300;;;ASH_COATED_OSMIUM;XIRECS;10010.0;5
658100;;;INTARIAN_PEPPER_ROOT;XIRECS;13724.0;7
658100;;;ASH_COATED_OSMIUM;XIRECS;10019.0;5
658500;;;ASH_COATED_OSMIUM;XIRECS;10003.0;3
659900;;;INTARIAN_PEPPER_ROOT;XIRECS;13723.0;5
660500;;;ASH_COATED_OSMIUM;XIRECS;10008.0;7
660900;;;ASH_COATED_OSMIUM;XIRECS;10019.0;6
662700;;;INTARIAN_PEPPER_ROOT;XIRECS;13727.0;6
662700;;;INTARIAN_PEPPER_ROOT;XIRECS;13714.0;7
663100;;;ASH_COATED_OSMIUM;XIRECS;10019.0;6
663300;;;ASH_COATED_OSMIUM;XIRECS;9996.0;2
663600;;;ASH_COATED_OSMIUM;XIRECS;10009.0;7
665400;;;INTARIAN_PEPPER_ROOT;XIRECS;13717.0;6
666900;;;ASH_COATED_OSMIUM;XIRECS;10017.0;3
668300;;;ASH_COATED_OSMIUM;XIRECS;10002.0;6
670700;;;ASH_COATED_OSMIUM;XIRECS;10018.0;2
671200;;;ASH_COATED_OSMIUM;XIRECS;10015.0;3
673500;;;INTARIAN_PEPPER_ROOT;XIRECS;13741.0;3
673700;;;INTARIAN_PEPPER_ROOT;XIRECS;13726.0;5
674500;;;ASH_COATED_OSMIUM;XIRECS;10006.0;6
675200;;;INTARIAN_PEPPER_ROOT;XIRECS;13741.0;3
677100;;;INTARIAN_PEPPER_ROOT;XIRECS;13743.0;7
677300;;;ASH_COATED_OSMIUM;XIRECS;10013.0;4
680200;;;INTARIAN_PEPPER_ROOT;XIRECS;13733.0;5
682700;;;INTARIAN_PEPPER_ROOT;XIRECS;13749.0;3
682800;;;INTARIAN_PEPPER_ROOT;XIRECS;13748.0;5
683200;;;INTARIAN_PEPPER_ROOT;XIRECS;13738.0;7
684500;;;INTARIAN_PEPPER_ROOT;XIRECS;13754.0;5
684500;;;ASH_COATED_OSMIUM;XIRECS;10020.0;9
684800;;;INTARIAN_PEPPER_ROOT;XIRECS;13750.0;3
685800;;;INTARIAN_PEPPER_ROOT;XIRECS;13754.0;6
686400;;;ASH_COATED_OSMIUM;XIRECS;10019.0;6
687100;;;ASH_COATED_OSMIUM;XIRECS;10001.0;5
687900;;;ASH_COATED_OSMIUM;XIRECS;10009.0;6
689700;;;ASH_COATED_OSMIUM;XIRECS;10014.0;4
690000;;;ASH_COATED_OSMIUM;XIRECS;10013.0;3
690600;;;INTARIAN_PEPPER_ROOT;XIRECS;13757.0;6
690600;;;ASH_COATED_OSMIUM;XIRECS;10007.0;6
691200;;;ASH_COATED_OSMIUM;XIRECS;10012.0;5
693500;;;ASH_COATED_OSMIUM;XIRECS;10015.0;3
693800;;;ASH_COATED_OSMIUM;XIRECS;10023.0;4
695500;;;ASH_COATED_OSMIUM;XIRECS;10004.0;2
697300;;;ASH_COATED_OSMIUM;XIRECS;10006.0;6
699000;;;ASH_COATED_OSMIUM;XIRECS;9998.0;3
704100;;;ASH_COATED_OSMIUM;XIRECS;10021.0;2
705500;;;ASH_COATED_OSMIUM;XIRECS;10023.0;6
705700;;;INTARIAN_PEPPER_ROOT;XIRECS;13775.0;4
705800;;;INTARIAN_PEPPER_ROOT;XIRECS;13774.0;7
707800;;;INTARIAN_PEPPER_ROOT;XIRECS;13762.0;5
708100;;;ASH_COATED_OSMIUM;XIRECS;10018.0;10
708900;;;ASH_COATED_OSMIUM;XIRECS;10011.0;9
713000;;;ASH_COATED_OSMIUM;XIRECS;10001.0;5
713800;;;INTARIAN_PEPPER_ROOT;XIRECS;13770.0;6
714900;;;INTARIAN_PEPPER_ROOT;XIRECS;13771.0;7
715100;;;INTARIAN_PEPPER_ROOT;XIRECS;13786.0;5
715300;;;INTARIAN_PEPPER_ROOT;XIRECS;13772.0;4
716900;;;ASH_COATED_OSMIUM;XIRECS;10000.0;10
717000;;;ASH_COATED_OSMIUM;XIRECS;10015.0;5
717200;;;INTARIAN_PEPPER_ROOT;XIRECS;13770.0;7
720300;;;ASH_COATED_OSMIUM;XIRECS;10020.0;2
721100;;;ASH_COATED_OSMIUM;XIRECS;10007.0;2
723800;;;ASH_COATED_OSMIUM;XIRECS;10007.0;8
724600;;;INTARIAN_PEPPER_ROOT;XIRECS;13781.0;6
725200;;;INTARIAN_PEPPER_ROOT;XIRECS;13783.0;3
726000;;;INTARIAN_PEPPER_ROOT;XIRECS;13797.0;6
726600;;;ASH_COATED_OSMIUM;XIRECS;10012.0;5
727500;;;ASH_COATED_OSMIUM;XIRECS;10018.0;6
729200;;;ASH_COATED_OSMIUM;XIRECS;10015.0;4
734000;;;ASH_COATED_OSMIUM;XIRECS;10003.0;4
734600;;;ASH_COATED_OSMIUM;XIRECS;10023.0;5
735800;;;INTARIAN_PEPPER_ROOT;XIRECS;13807.0;3
735900;;;ASH_COATED_OSMIUM;XIRECS;9997.0;5
736100;;;ASH_COATED_OSMIUM;XIRECS;9997.0;3
739600;;;ASH_COATED_OSMIUM;XIRECS;10020.0;2
741900;;;INTARIAN_PEPPER_ROOT;XIRECS;13800.0;5
743600;;;INTARIAN_PEPPER_ROOT;XIRECS;13804.0;5
743600;;;ASH_COATED_OSMIUM;XIRECS;9996.0;3
746000;;;ASH_COATED_OSMIUM;XIRECS;9994.0;6
747600;;;INTARIAN_PEPPER_ROOT;XIRECS;13807.0;8
749700;;;ASH_COATED_OSMIUM;XIRECS;10004.0;4
751400;;;INTARIAN_PEPPER_ROOT;XIRECS;13824.0;4
752900;;;ASH_COATED_OSMIUM;XIRECS;10021.0;4
753800;;;ASH_COATED_OSMIUM;XIRECS;10016.0;5
756000;;;ASH_COATED_OSMIUM;XIRECS;9994.0;6
758900;;;ASH_COATED_OSMIUM;XIRECS;10018.0;4
760000;;;INTARIAN_PEPPER_ROOT;XIRECS;13832.0;5
761200;;;ASH_COATED_OSMIUM;XIRECS;10008.0;7
764800;;;ASH_COATED_OSMIUM;XIRECS;10018.0;9
765800;;;ASH_COATED_OSMIUM;XIRECS;10002.0;5
766600;;;INTARIAN_PEPPER_ROOT;XIRECS;13839.0;6
768300;;;INTARIAN_PEPPER_ROOT;XIRECS;13842.0;7
768700;;;INTARIAN_PEPPER_ROOT;XIRECS;13829.0;8
769500;;;INTARIAN_PEPPER_ROOT;XIRECS;13829.0;4
771100;;;ASH_COATED_OSMIUM;XIRECS;10023.0;4
771500;;;ASH_COATED_OSMIUM;XIRECS;9997.0;6
771800;;;INTARIAN_PEPPER_ROOT;XIRECS;13846.0;6
774200;;;INTARIAN_PEPPER_ROOT;XIRECS;13849.0;6
774300;;;ASH_COATED_OSMIUM;XIRECS;10007.0;3
776100;;;ASH_COATED_OSMIUM;XIRECS;10021.0;6
779000;;;ASH_COATED_OSMIUM;XIRECS;10003.0;7
779300;;;ASH_COATED_OSMIUM;XIRECS;10015.0;6
780500;;;INTARIAN_PEPPER_ROOT;XIRECS;13855.0;5
781600;;;ASH_COATED_OSMIUM;XIRECS;10010.0;4
781900;;;INTARIAN_PEPPER_ROOT;XIRECS;13856.0;8
783300;;;ASH_COATED_OSMIUM;XIRECS;10015.0;6
784100;;;INTARIAN_PEPPER_ROOT;XIRECS;13846.0;5
784100;;;INTARIAN_PEPPER_ROOT;XIRECS;13846.0;6
784300;;;ASH_COATED_OSMIUM;XIRECS;10013.0;3
785700;;;INTARIAN_PEPPER_ROOT;XIRECS;13848.0;6
786400;;;INTARIAN_PEPPER_ROOT;XIRECS;13848.0;4
787300;;;INTARIAN_PEPPER_ROOT;XIRECS;13866.0;6
789000;;;INTARIAN_PEPPER_ROOT;XIRECS;13850.0;4
789600;;;INTARIAN_PEPPER_ROOT;XIRECS;13852.0;7
792700;;;ASH_COATED_OSMIUM;XIRECS;9999.0;7
793800;;;ASH_COATED_OSMIUM;XIRECS;9997.0;3
794400;;;INTARIAN_PEPPER_ROOT;XIRECS;13856.0;3
794900;;;INTARIAN_PEPPER_ROOT;XIRECS;13870.0;5
795000;;;ASH_COATED_OSMIUM;XIRECS;10010.0;2
796600;;;INTARIAN_PEPPER_ROOT;XIRECS;13860.0;6
797400;;;INTARIAN_PEPPER_ROOT;XIRECS;13861.0;6
798400;;;INTARIAN_PEPPER_ROOT;XIRECS;13875.0;3
799900;;;ASH_COATED_OSMIUM;XIRECS;10000.0;5
800600;;;ASH_COATED_OSMIUM;XIRECS;9994.0;4
801100;;;INTARIAN_PEPPER_ROOT;XIRECS;13865.0;6
802700;;;ASH_COATED_OSMIUM;XIRECS;10019.0;4
803500;;;INTARIAN_PEPPER_ROOT;XIRECS;13868.0;6
805900;;;INTARIAN_PEPPER_ROOT;XIRECS;13885.0;4
807400;;;ASH_COATED_OSMIUM;XIRECS;10005.0;10
809700;;;ASH_COATED_OSMIUM;XIRECS;10007.0;7
810400;;;INTARIAN_PEPPER_ROOT;XIRECS;13875.0;3
810500;;;ASH_COATED_OSMIUM;XIRECS;10008.0;5
810600;;;INTARIAN_PEPPER_ROOT;XIRECS;13887.0;3
812200;;;ASH_COATED_OSMIUM;XIRECS;10006.0;4
813500;;;INTARIAN_PEPPER_ROOT;XIRECS;13883.0;7
814400;;;INTARIAN_PEPPER_ROOT;XIRECS;13877.0;7
814600;;;ASH_COATED_OSMIUM;XIRECS;10013.0;5
814900;;;ASH_COATED_OSMIUM;XIRECS;10001.0;10
815300;;;ASH_COATED_OSMIUM;XIRECS;10018.0;4
817000;;;ASH_COATED_OSMIUM;XIRECS;9990.0;3
821100;;;INTARIAN_PEPPER_ROOT;XIRECS;13887.0;4
822200;;;INTARIAN_PEPPER_ROOT;XIRECS;13900.0;4
825900;;;ASH_COATED_OSMIUM;XIRECS;10004.0;8
826700;;;INTARIAN_PEPPER_ROOT;XIRECS;13906.0;6
828400;;;ASH_COATED_OSMIUM;XIRECS;10016.0;6
828500;;;ASH_COATED_OSMIUM;XIRECS;10010.0;3
829400;;;INTARIAN_PEPPER_ROOT;XIRECS;13905.0;7
829600;;;INTARIAN_PEPPER_ROOT;XIRECS;13908.0;4
832200;;;ASH_COATED_OSMIUM;XIRECS;10005.0;3
832600;;;INTARIAN_PEPPER_ROOT;XIRECS;13899.0;7
832600;;;ASH_COATED_OSMIUM;XIRECS;10006.0;6
832800;;;ASH_COATED_OSMIUM;XIRECS;10019.0;4
833500;;;INTARIAN_PEPPER_ROOT;XIRECS;13912.0;6
835600;;;ASH_COATED_OSMIUM;XIRECS;10009.0;4
836300;;;INTARIAN_PEPPER_ROOT;XIRECS;13915.0;7
837800;;;ASH_COATED_OSMIUM;XIRECS;10004.0;2
840300;;;INTARIAN_PEPPER_ROOT;XIRECS;13921.0;5
843000;;;INTARIAN_PEPPER_ROOT;XIRECS;13911.0;5
843400;;;INTARIAN_PEPPER_ROOT;XIRECS;13910.0;4
846500;;;INTARIAN_PEPPER_ROOT;XIRECS;13927.0;7
848000;;;INTARIAN_PEPPER_ROOT;XIRECS;13928.0;7
849500;;;INTARIAN_PEPPER_ROOT;XIRECS;13929.0;5
849600;;;INTARIAN_PEPPER_ROOT;XIRECS;13917.0;5
850000;;;ASH_COATED_OSMIUM;XIRECS;10015.0;6
850900;;;ASH_COATED_OSMIUM;XIRECS;9996.0;5
853800;;;ASH_COATED_OSMIUM;XIRECS;10015.0;3
854100;;;ASH_COATED_OSMIUM;XIRECS;10014.0;9
854300;;;INTARIAN_PEPPER_ROOT;XIRECS;13935.0;3
855200;;;ASH_COATED_OSMIUM;XIRECS;10003.0;6
856300;;;ASH_COATED_OSMIUM;XIRECS;10020.0;10
858200;;;INTARIAN_PEPPER_ROOT;XIRECS;13923.0;5
858900;;;ASH_COATED_OSMIUM;XIRECS;10008.0;6
860400;;;ASH_COATED_OSMIUM;XIRECS;10015.0;10
860700;;;ASH_COATED_OSMIUM;XIRECS;10017.0;5
864100;;;INTARIAN_PEPPER_ROOT;XIRECS;13947.0;3
866300;;;INTARIAN_PEPPER_ROOT;XIRECS;13934.0;5
868800;;;INTARIAN_PEPPER_ROOT;XIRECS;13937.0;3
869300;;;INTARIAN_PEPPER_ROOT;XIRECS;13938.0;8
869500;;;ASH_COATED_OSMIUM;XIRECS;10007.0;6
870100;;;INTARIAN_PEPPER_ROOT;XIRECS;13938.0;5
871000;;;ASH_COATED_OSMIUM;XIRECS;9996.0;5
875200;;;INTARIAN_PEPPER_ROOT;XIRECS;13955.0;4
876400;;;ASH_COATED_OSMIUM;XIRECS;9993.0;3
880800;;;INTARIAN_PEPPER_ROOT;XIRECS;13950.0;4
881600;;;INTARIAN_PEPPER_ROOT;XIRECS;13952.0;5
881900;;;ASH_COATED_OSMIUM;XIRECS;9990.0;7
883100;;;ASH_COATED_OSMIUM;XIRECS;9998.0;5
883300;;;INTARIAN_PEPPER_ROOT;XIRECS;13967.0;7
884100;;;INTARIAN_PEPPER_ROOT;XIRECS;13954.0;7
885200;;;ASH_COATED_OSMIUM;XIRECS;10013.0;4
885700;;;ASH_COATED_OSMIUM;XIRECS;10002.0;3
886000;;;ASH_COATED_OSMIUM;XIRECS;9999.0;9
888400;;;INTARIAN_PEPPER_ROOT;XIRECS;13972.0;4
892100;;;INTARIAN_PEPPER_ROOT;XIRECS;13963.0;7
892700;;;ASH_COATED_OSMIUM;XIRECS;10001.0;10
894000;;;INTARIAN_PEPPER_ROOT;XIRECS;13966.0;4
894000;;;ASH_COATED_OSMIUM;XIRECS;10008.0;6
895200;;;ASH_COATED_OSMIUM;XIRECS;9999.0;9
896800;;;ASH_COATED_OSMIUM;XIRECS;10017.0;2
897800;;;ASH_COATED_OSMIUM;XIRECS;10014.0;6
898400;;;ASH_COATED_OSMIUM;XIRECS;10004.0;5
898900;;;INTARIAN_PEPPER_ROOT;XIRECS;13969.0;4
898900;;;ASH_COATED_OSMIUM;XIRECS;10010.0;8
899500;;;ASH_COATED_OSMIUM;XIRECS;10028.0;3
899600;;;INTARIAN_PEPPER_ROOT;XIRECS;13985.0;3
903600;;;ASH_COATED_OSMIUM;XIRECS;10011.0;4
904400;;;ASH_COATED_OSMIUM;XIRECS;10013.0;3
904400;;;ASH_COATED_OSMIUM;XIRECS;10013.0;6
906600;;;ASH_COATED_OSMIUM;XIRECS;9998.0;3
908900;;;INTARIAN_PEPPER_ROOT;XIRECS;13982.0;7
909500;;;INTARIAN_PEPPER_ROOT;XIRECS;13994.0;6
912200;;;ASH_COATED_OSMIUM;XIRECS;10010.0;5
913400;;;ASH_COATED_OSMIUM;XIRECS;10017.0;4
913800;;;ASH_COATED_OSMIUM;XIRECS;10006.0;3
914400;;;INTARIAN_PEPPER_ROOT;XIRECS;14000.0;5
915800;;;ASH_COATED_OSMIUM;XIRECS;10018.0;2
916200;;;INTARIAN_PEPPER_ROOT;XIRECS;13990.0;3
917800;;;ASH_COATED_OSMIUM;XIRECS;9998.0;5
920100;;;ASH_COATED_OSMIUM;XIRECS;10022.0;6
920800;;;INTARIAN_PEPPER_ROOT;XIRECS;14007.0;5
920800;;;ASH_COATED_OSMIUM;XIRECS;10014.0;10
926000;;;ASH_COATED_OSMIUM;XIRECS;10002.0;4
926600;;;INTARIAN_PEPPER_ROOT;XIRECS;14014.0;4
927300;;;INTARIAN_PEPPER_ROOT;XIRECS;14016.0;4
927400;;;INTARIAN_PEPPER_ROOT;XIRECS;14002.0;7
929400;;;INTARIAN_PEPPER_ROOT;XIRECS;14011.0;7
931900;;;ASH_COATED_OSMIUM;XIRECS;10012.0;3
935500;;;INTARIAN_PEPPER_ROOT;XIRECS;14010.0;3
937300;;;INTARIAN_PEPPER_ROOT;XIRECS;14025.0;3
940900;;;ASH_COATED_OSMIUM;XIRECS;9996.0;5
943600;;;ASH_COATED_OSMIUM;XIRECS;10000.0;6
944200;;;ASH_COATED_OSMIUM;XIRECS;9997.0;5
946400;;;ASH_COATED_OSMIUM;XIRECS;10016.0;5
947000;;;ASH_COATED_OSMIUM;XIRECS;10002.0;6
949300;;;ASH_COATED_OSMIUM;XIRECS;10013.0;5
949500;;;ASH_COATED_OSMIUM;XIRECS;9996.0;2
952100;;;ASH_COATED_OSMIUM;XIRECS;10013.0;7
954300;;;INTARIAN_PEPPER_ROOT;XIRECS;14043.0;6
955600;;;ASH_COATED_OSMIUM;XIRECS;10000.0;3
958600;;;ASH_COATED_OSMIUM;XIRECS;10015.0;3
960200;;;ASH_COATED_OSMIUM;XIRECS;10011.0;2
961100;;;ASH_COATED_OSMIUM;XIRECS;10006.0;9
964600;;;ASH_COATED_OSMIUM;XIRECS;10012.0;6
965300;;;ASH_COATED_OSMIUM;XIRECS;10008.0;7
965800;;;ASH_COATED_OSMIUM;XIRECS;10006.0;8
967000;;;ASH_COATED_OSMIUM;XIRECS;10017.0;9
968200;;;INTARIAN_PEPPER_ROOT;XIRECS;14047.0;8
968800;;;ASH_COATED_OSMIUM;XIRECS;10017.0;3
969800;;;ASH_COATED_OSMIUM;XIRECS;10017.0;6
975300;;;INTARIAN_PEPPER_ROOT;XIRECS;14066.0;3
981600;;;ASH_COATED_OSMIUM;XIRECS;10013.0;3
983200;;;ASH_COATED_OSMIUM;XIRECS;9999.0;5
983900;;;INTARIAN_PEPPER_ROOT;XIRECS;14077.0;5
985400;;;INTARIAN_PEPPER_ROOT;XIRECS;14077.0;3
986400;;;INTARIAN_PEPPER_ROOT;XIRECS;14065.0;5
988400;;;INTARIAN_PEPPER_ROOT;XIRECS;14080.0;7
989400;;;INTARIAN_PEPPER_ROOT;XIRECS;14082.0;6
990800;;;ASH_COATED_OSMIUM;XIRECS;10012.0;2
995200;;;ASH_COATED_OSMIUM;XIRECS;10011.0;5
995300;;;INTARIAN_PEPPER_ROOT;XIRECS;14075.0;3
996700;;;INTARIAN_PEPPER_ROOT;XIRECS;14076.0;4
998100;;;INTARIAN_PEPPER_ROOT;XIRECS;14077.0;7
998600;;;ASH_COATED_OSMIUM;XIRECS;10007.0;2