timestamp;buyer;seller;symbol;currency;price;quantity
4700;;;ASH_COATED_OSMIUM;XIRECS;10000.0;4
4800;;;ASH_COATED_OSMIUM;XIRECS;10008.0;2
6500;;;ASH_COATED_OSMIUM;XIRECS;9993.0;4
8700;;;ASH_COATED_OSMIUM;XIRECS;9992.0;9
13500;;;ASH_COATED_OSMIUM;XIRECS;10001.0;8
19500;;;INTARIAN_PEPPER_ROOT;XIRECS;13534.0;3
20500;;;INTARIAN_PEPPER_ROOT;XIRECS;13516.0;4
20600;;;ASH_COATED_OSMIUM;XIRECS;9996.0;6
21100;;;INTARIAN_PEPPER_ROOT;XIRECS;13526.0;5
21100;;;ASH_COATED_OSMIUM;XIRECS;10002.0;5
22000;;;INTARIAN_PEPPER_ROOT;XIRECS;13521.0;4
23600;;;ASH_COATED_OSMIUM;XIRECS;10002.0;3
24000;;;INTARIAN_PEPPER_ROOT;XIRECS;13510.0;5
25800;;;ASH_COATED_OSMIUM;XIRECS;10008.0;2
26200;;;ASH_COATED_OSMIUM;XIRECS;10011.0;6
26500;;;ASH_COATED_OSMIUM;XIRECS;10002.0;3
27500;;;INTARIAN_PEPPER_ROOT;XIRECS;13479.0;5
29000;;;ASH_COATED_OSMIUM;XIRECS;9993.0;4
29800;;;ASH_COATED_OSMIUM;XIRECS;10009.0;3
32500;;;ASH_COATED_OSMIUM;XIRECS;10000.0;4
33200;;;INTARIAN_PEPPER_ROOT;XIRECS;13447.0;7
33500;;;INTARIAN_PEPPER_ROOT;XIRECS;13460.0;5
33700;;;INTARIAN_PEPPER_ROOT;XIRECS;13444.0;7
37700;;;ASH_COATED_OSMIUM;XIRECS;10001.0;6
38400;;;INTARIAN_PEPPER_ROOT;XIRECS;13431.0;6
38600;;;ASH_COATED_OSMIUM;XIRECS;10003.0;4
38700;;;INTARIAN_PEPPER_ROOT;XIRECS;13432.0;7
38900;;;ASH_COATED_OSMIUM;XIRECS;10011.0;6
39100;;;ASH_COATED_OSMIUM;XIRECS;10012.0;2
40300;;;INTARIAN_PEPPER_ROOT;XIRECS;13422.0;7
40400;;;INTARIAN_PEPPER_ROOT;XIRECS;13409.0;5
42200;;;INTARIAN_PEPPER_ROOT;XIRECS;13412.0;4
43000;;;ASH_COATED_OSMIUM;XIRECS;10010.0;6
43000;;;ASH_COATED_OSMIUM;XIRECS;10002.0;3
45100;;;ASH_COATED_OSMIUM;XIRECS;9992.0;5
46900;;;INTARIAN_PEPPER_ROOT;XIRECS;13386.0;6
47900;;;ASH_COATED_OSMIUM;XIRECS;9993.0;8
51100;;;ASH_COATED_OSMIUM;XIRECS;9993.0;8
54200;;;ASH_COATED_OSMIUM;XIRECS;10011.0;6
54300;;;ASH_COATED_OSMIUM;XIRECS;9994.0;6
57400;;;INTARIAN_PEPPER_ROOT;XIRECS;13328.0;5
60800;;;INTARIAN_PEPPER_ROOT;XIRECS;13311.0;7
60800;;;ASH_COATED_OSMIUM;XIRECS;9992.0;5
61200;;;INTARIAN_PEPPER_ROOT;XIRECS;13309.0;6
65500;;;ASH_COATED_OSMIUM;XIRECS;10010.0;6
66300;;;INTARIAN_PEPPER_ROOT;XIRECS;13267.0;4
68700;;;ASH_COATED_OSMIUM;XIRECS;10010.0;3
69400;;;ASH_COATED_OSMIUM;XIRECS;9991.0;8
69600;;;ASH_COATED_OSMIUM;XIRECS;9991.0;4
69900;;;ASH_COATED_OSMIUM;XIRECS;9988.0;4
70400;;;INTARIAN_PEPPER_ROOT;XIRECS;13246.0;7
73400;;;INTARIAN_PEPPER_ROOT;XIRECS;13229.0;5
77700;;;ASH_COATED_OSMIUM;XIRECS;10003.0;5
79700;;;ASH_COATED_OSMIUM;XIRECS;9992.0;2
80200;;;INTARIAN_PEPPER_ROOT;XIRECS;13206.0;6
80900;;;ASH_COATED_OSMIUM;XIRECS;9992.0;5
83000;;;ASH_COATED_OSMIUM;XIRECS;10010.0;5
85800;;;INTARIAN_PEPPER_ROOT;XIRECS;13162.0;3
86000;;;ASH_COATED_OSMIUM;XIRECS;9991.0;6
88800;;;ASH_COATED_OSMIUM;XIRECS;9993.0;5
89300;;;ASH_COATED_OSMIUM;XIRECS;10010.0;2
89900;;;INTARIAN_PEPPER_ROOT;XIRECS;13141.0;3
90100;;;ASH_COATED_OSMIUM;XIRECS;9996.0;6
93400;;;ASH_COATED_OSMIUM;XIRECS;10010.0;10
94300;;;INTARIAN_PEPPER_ROOT;XIRECS;13116.0;5
95600;;;ASH_COATED_OSMIUM;XIRECS;9993.0;10
96200;;;ASH_COATED_OSMIUM;XIRECS;10002.0;5
97900;;;ASH_COATED_OSMIUM;XIRECS;10003.0;6
98100;;;INTARIAN_PEPPER_ROOT;XIRECS;13096.0;3
98700;;;ASH_COATED_OSMIUM;XIRECS;10009.0;2
100200;;;ASH_COATED_OSMIUM;XIRECS;9994.0;2
100600;;;INTARIAN_PEPPER_ROOT;XIRECS;13095.0;3
102000;;;ASH_COATED_OSMIUM;XIRECS;9992.0;6
104600;;;ASH_COATED_OSMIUM;XIRECS;10003.0;6
109100;;;ASH_COATED_OSMIUM;XIRECS;10011.0;3
109200;;;ASH_COATED_OSMIUM;XIRECS;9993.0;4
112300;;;INTARIAN_PEPPER_ROOT;XIRECS;13034.0;4
113400;;;ASH_COATED_OSMIUM;XIRECS;10001.0;2
115000;;;INTARIAN_PEPPER_ROOT;XIRECS;13018.0;7
115100;;;INTARIAN_PEPPER_ROOT;XIRECS;13003.0;6
116400;;;ASH_COATED_OSMIUM;XIRECS;10001.0;3
118300;;;ASH_COATED_OSMIUM;XIRECS;9993.0;6
118400;;;ASH_COATED_OSMIUM;XIRECS;10008.0;3
121200;;;INTARIAN_PEPPER_ROOT;XIRECS;12985.0;6
121600;;;ASH_COATED_OSMIUM;XIRECS;10000.0;5
121600;;;ASH_COATED_OSMIUM;XIRECS;10008.0;4
130500;;;ASH_COATED_OSMIUM;XIRECS;9990.0;6
132000;;;ASH_COATED_OSMIUM;XIRECS;9997.0;5
135100;;;INTARIAN_PEPPER_ROOT;XIRECS;12909.0;4
135800;;;ASH_COATED_OSMIUM;XIRECS;10009.0;6
139000;;;INTARIAN_PEPPER_ROOT;XIRECS;12873.0;3
140400;;;ASH_COATED_OSMIUM;XIRECS;9997.0;4
140700;;;ASH_COATED_OSMIUM;XIRECS;9993.0;3
141400;;;ASH_COATED_OSMIUM;XIRECS;9999.0;2
141500;;;ASH_COATED_OSMIUM;XIRECS;10000.0;2
145300;;;ASH_COATED_OSMIUM;XIRECS;10009.0;3
146400;;;ASH_COATED_OSMIUM;XIRECS;10009.0;6
147800;;;INTARIAN_PEPPER_ROOT;XIRECS;12837.0;4
147900;;;ASH_COATED_OSMIUM;XIRECS;10011.0;4
148300;;;INTARIAN_PEPPER_ROOT;XIRECS;12824.0;3
148500;;;ASH_COATED_OSMIUM;XIRECS;10006.0;9
149700;;;INTARIAN_PEPPER_ROOT;XIRECS;12817.0;7
153000;;;INTARIAN_PEPPER_ROOT;XIRECS;12798.0;5
153900;;;ASH_COATED_OSMIUM;XIRECS;9992.0;6
154100;;;INTARIAN_PEPPER_ROOT;XIRECS;12807.0;6
154400;;;ASH_COATED_OSMIUM;XIRECS;9993.0;10
156600;;;INTARIAN_PEPPER_ROOT;XIRECS;12793.0;3
156800;;;ASH_COATED_OSMIUM;XIRECS;9994.0;2
157400;;;ASH_COATED_OSMIUM;XIRECS;10002.0;6
159400;;;ASH_COATED_OSMIUM;XIRECS;10002.0;2
160300;;;ASH_COATED_OSMIUM;XIRECS;9992.0;5
160300;;;ASH_COATED_OSMIUM;XIRECS;10000.0;3
163500;;;ASH_COATED_OSMIUM;XIRECS;10000.0;6
166800;;;INTARIAN_PEPPER_ROOT;XIRECS;12722.0;7
168100;;;ASH_COATED_OSMIUM;XIRECS;10001.0;6
168400;;;INTARIAN_PEPPER_ROOT;XIRECS;12728.0;5
170200;;;ASH_COATED_OSMIUM;XIRECS;10002.0;3
170900;;;INTARIAN_PEPPER_ROOT;XIRECS;12701.0;3
171300;;;INTARIAN_PEPPER_ROOT;XIRECS;12698.0;5
173300;;;INTARIAN_PEPPER_ROOT;XIRECS;12704.0;3
173300;;;ASH_COATED_OSMIUM;XIRECS;10000.0;5
173400;;;ASH_COATED_OSMIUM;XIRECS;9999.0;6
176300;;;INTARIAN_PEPPER_ROOT;XIRECS;12686.0;3
177800;;;INTARIAN_PEPPER_ROOT;XIRECS;12676.0;3
178400;;;INTARIAN_PEPPER_ROOT;XIRECS;12660.0;8
178800;;;INTARIAN_PEPPER_ROOT;XIRECS;12659.0;6
179000;;;ASH_COATED_OSMIUM;XIRECS;9992.0;5
179900;;;INTARIAN_PEPPER_ROOT;XIRECS;12652.0;7
179900;;;ASH_COATED_OSMIUM;XIRECS;10010.0;3
181400;;;ASH_COATED_OSMIUM;XIRECS;9993.0;9
181700;;;INTARIAN_PEPPER_ROOT;XIRECS;12644.0;7
183400;;;INTARIAN_PEPPER_ROOT;XIRECS;12633.0;8
186100;;;ASH_COATED_OSMIUM;XIRECS;10001.0;10
189400;;;ASH_COATED_OSMIUM;XIRECS;9991.0;6
190100;;;ASH_COATED_OSMIUM;XIRECS;10002.0;7
190200;;;ASH_COATED_OSMIUM;XIRECS;9992.0;5
191600;;;ASH_COATED_OSMIUM;XIRECS;9992.0;8
199100;;;INTARIAN_PEPPER_ROOT;XIRECS;12549.0;6
200400;;;INTARIAN_PEPPER_ROOT;XIRECS;12554.0;4
203300;;;INTARIAN_PEPPER_ROOT;XIRECS;12538.0;7
204500;;;ASH_COATED_OSMIUM;XIRECS;10009.0;4
205000;;;INTARIAN_PEPPER_ROOT;XIRECS;12516.0;8
206700;;;INTARIAN_PEPPER_ROOT;XIRECS;12521.0;7
206800;;;ASH_COATED_OSMIUM;XIRECS;9993.0;4
207000;;;INTARIAN_PEPPER_ROOT;XIRECS;12518.0;3
207600;;;INTARIAN_PEPPER_ROOT;XIRECS;12515.0;4
208400;;;ASH_COATED_OSMIUM;XIRECS;9993.0;3
208900;;;ASH_COATED_OSMIUM;XIRECS;10010.0;6
210800;;;INTARIAN_PEPPER_ROOT;XIRECS;12485.0;7
212100;;;ASH_COATED_OSMIUM;XIRECS;9993.0;6
213000;;;ASH_COATED_OSMIUM;XIRECS;9989.0;5
213000;;;ASH_COATED_OSMIUM;XIRECS;9989.0;6
214600;;;INTARIAN_PEPPER_ROOT;XIRECS;12477.0;5
216700;;;ASH_COATED_OSMIUM;XIRECS;10011.0;10
219500;;;INTARIAN_PEPPER_ROOT;XIRECS;12451.0;5
220800;;;ASH_COATED_OSMIUM;XIRECS;9993.0;3
221900;;;INTARIAN_PEPPER_ROOT;XIRECS;12438.0;7
224700;;;ASH_COATED_OSMIUM;XIRECS;9992.0;2
225100;;;INTARIAN_PEPPER_ROOT;XIRECS;12421.0;3
225700;;;INTARIAN_PEPPER_ROOT;XIRECS;12405.0;4
227500;;;INTARIAN_PEPPER_ROOT;XIRECS;12408.0;3
227900;;;INTARIAN_PEPPER_ROOT;XIRECS;12393.0;5
229200;;;INTARIAN_PEPPER_ROOT;XIRECS;12398.0;8
229900;;;ASH_COATED_OSMIUM;XIRECS;10002.0;2
231300;;;ASH_COATED_OSMIUM;XIRECS;9993.0;10
231500;;;ASH_COATED_OSMIUM;XIRECS;9991.0;2
231600;;;ASH_COATED_OSMIUM;XIRECS;10001.0;5
234200;;;ASH_COATED_OSMIUM;XIRECS;10004.0;6
235500;;;ASH_COATED_OSMIUM;XIRECS;10003.0;5
235600;;;INTARIAN_PEPPER_ROOT;XIRECS;12364.0;3
236500;;;ASH_COATED_OSMIUM;XIRECS;9991.0;5
237600;;;ASH_COATED_OSMIUM;XIRECS;10007.0;3
241800;;;ASH_COATED_OSMIUM;XIRECS;9991.0;5
242200;;;INTARIAN_PEPPER_ROOT;XIRECS;12315.0;5
242800;;;ASH_COATED_OSMIUM;XIRECS;10010.0;7
246300;;;ASH_COATED_OSMIUM;XIRECS;9993.0;2
249100;;;INTARIAN_PEPPER_ROOT;XIRECS;12278.0;5
249500;;;INTARIAN_PEPPER_ROOT;XIRECS;12288.0;4
250700;;;INTARIAN_PEPPER_ROOT;XIRECS;12269.0;2
251800;;;ASH_COATED_OSMIUM;XIRECS;10006.0;8
252000;;;ASH_COATED_OSMIUM;XIRECS;10010.0;3
253300;;;INTARIAN_PEPPER_ROOT;XIRECS;12256.0;7
253400;;;ASH_COATED_OSMIUM;XIRECS;10001.0;5
255800;;;ASH_COATED_OSMIUM;XIRECS;10005.0;6
256300;;;ASH_COATED_OSMIUM;XIRECS;10008.0;5
258100;;;INTARIAN_PEPPER_ROOT;XIRECS;12227.0;8
259200;;;ASH_COATED_OSMIUM;XIRECS;9992.0;6
260500;;;ASH_COATED_OSMIUM;XIRECS;10007.0;5
260800;;;ASH_COATED_OSMIUM;XIRECS;9992.0;3
260900;;;INTARIAN_PEPPER_ROOT;XIRECS;12226.0;6
261300;;;INTARIAN_PEPPER_ROOT;XIRECS;12225.0;7
264700;;;INTARIAN_PEPPER_ROOT;XIRECS;12194.0;4
265400;;;ASH_COATED_OSMIUM;XIRECS;10009.0;6
268800;;;ASH_COATED_OSMIUM;XIRECS;10010.0;7
269800;;;ASH_COATED_OSMIUM;XIRECS;10009.0;5
270400;;;INTARIAN_PEPPER_ROOT;XIRECS;12174.0;5
270700;;;INTARIAN_PEPPER_ROOT;XIRECS;12173.0;6
271100;;;INTARIAN_PEPPER_ROOT;XIRECS;12171.0;3
271500;;;INTARIAN_PEPPER_ROOT;XIRECS;12169.0;6
272200;;;INTARIAN_PEPPER_ROOT;XIRECS;12152.0;7
272800;;;INTARIAN_PEPPER_ROOT;XIRECS;12165.0;5
273700;;;ASH_COATED_OSMIUM;XIRECS;9993.0;5
274900;;;INTARIAN_PEPPER_ROOT;XIRECS;12139.0;4
276300;;;INTARIAN_PEPPER_ROOT;XIRECS;12130.0;8
279100;;;ASH_COATED_OSMIUM;XIRECS;9992.0;2
280900;;;INTARIAN_PEPPER_ROOT;XIRECS;12103.0;4
281100;;;INTARIAN_PEPPER_ROOT;XIRECS;12117.0;7
282500;;;INTARIAN_PEPPER_ROOT;XIRECS;12097.0;5
283800;;;ASH_COATED_OSMIUM;XIRECS;10002.0;3
283800;;;ASH_COATED_OSMIUM;XIRECS;9994.0;6
285700;;;INTARIAN_PEPPER_ROOT;XIRECS;12077.0;6
286900;;;INTARIAN_PEPPER_ROOT;XIRECS;12072.0;6
288000;;;INTARIAN_PEPPER_ROOT;XIRECS;12079.0;3
288400;;;INTARIAN_PEPPER_ROOT;XIRECS;12065.0;3
289400;;;ASH_COATED_OSMIUM;XIRECS;10000.0;5
290600;;;ASH_COATED_OSMIUM;XIRECS;10011.0;3
291000;;;ASH_COATED_OSMIUM;XIRECS;10003.0;10
291800;;;ASH_COATED_OSMIUM;XIRECS;9991.0;5
292600;;;INTARIAN_PEPPER_ROOT;XIRECS;12042.0;5
296100;;;INTARIAN_PEPPER_ROOT;XIRECS;12021.0;5
296200;;;INTARIAN_PEPPER_ROOT;XIRECS;12022.0;8
297700;;;INTARIAN_PEPPER_ROOT;XIRECS;12029.0;7
299200;;;INTARIAN_PEPPER_ROOT;XIRECS;12020.0;5
299300;;;INTARIAN_PEPPER_ROOT;XIRECS;12018.0;6
299400;;;INTARIAN_PEPPER_ROOT;XIRECS;12006.0;3
299900;;;ASH_COATED_OSMIUM;XIRECS;9992.0;3
301900;;;INTARIAN_PEPPER_ROOT;XIRECS;11996.0;5
304100;;;ASH_COATED_OSMIUM;XIRECS;10003.0;6
304500;;;INTARIAN_PEPPER_ROOT;XIRECS;11990.0;5
305100;;;ASH_COATED_OSMIUM;XIRECS;10007.0;6
306900;;;ASH_COATED_OSMIUM;XIRECS;9992.0;4
307500;;;ASH_COATED_OSMIUM;XIRECS;10009.0;3
309400;;;ASH_COATED_OSMIUM;XIRECS;10008.0;4
309700;;;INTARIAN_PEPPER_ROOT;XIRECS;11962.0;7
314700;;;ASH_COATED_OSMIUM;XIRECS;10008.0;5
315900;;;INTARIAN_PEPPER_ROOT;XIRECS;11916.0;7
315900;;;INTARIAN_PEPPER_ROOT;XIRECS;11928.0;7
316900;;;INTARIAN_PEPPER_ROOT;XIRECS;11916.0;6
317900;;;ASH_COATED_OSMIUM;XIRECS;9992.0;6
318700;;;INTARIAN_PEPPER_ROOT;XIRECS;11901.0;8
319100;;;ASH_COATED_OSMIUM;XIRECS;10010.0;5
319300;;;ASH_COATED_OSMIUM;XIRECS;10009.0;5
320100;;;ASH_COATED_OSMIUM;XIRECS;9993.0;5
320200;;;INTARIAN_PEPPER_ROOT;XIRECS;11892.0;7
320300;;;ASH_COATED_OSMIUM;XIRECS;10002.0;4
323500;;;ASH_COATED_OSMIUM;XIRECS;9990.0;8
324000;;;INTARIAN_PEPPER_ROOT;XIRECS;11887.0;7
324500;;;INTARIAN_PEPPER_ROOT;XIRECS;11869.0;4
325800;;;ASH_COATED_OSMIUM;XIRECS;9993.0;3
326700;;;INTARIAN_PEPPER_ROOT;XIRECS;11858.0;7
327200;;;ASH_COATED_OSMIUM;XIRECS;10001.0;2
327400;;;ASH_COATED_OSMIUM;XIRECS;9998.0;6
327600;;;INTARIAN_PEPPER_ROOT;XIRECS;11853.0;4
329000;;;INTARIAN_PEPPER_ROOT;XIRECS;11844.0;8
329600;;;ASH_COATED_OSMIUM;XIRECS;10010.0;4
331500;;;INTARIAN_PEPPER_ROOT;XIRECS;11831.0;7
331700;;;INTARIAN_PEPPER_ROOT;XIRECS;11844.0;3
334000;;;ASH_COATED_OSMIUM;XIRECS;10008.0;4
334400;;;INTARIAN_PEPPER_ROOT;XIRECS;11828.0;7
334900;;;ASH_COATED_OSMIUM;XIRECS;10002.0;2
336200;;;ASH_COATED_OSMIUM;XIRECS;9993.0;5
337300;;;ASH_COATED_OSMIUM;XIRECS;10010.0;9
337600;;;INTARIAN_PEPPER_ROOT;XIRECS;11810.0;7
338400;;;INTARIAN_PEPPER_ROOT;XIRECS;11794.0;5
340000;;;ASH_COATED_OSMIUM;XIRECS;9991.0;5
341100;;;INTARIAN_PEPPER_ROOT;XIRECS;11791.0;6
341100;;;INTARIAN_PEPPER_ROOT;XIRECS;11780.0;5
342300;;;INTARIAN_PEPPER_ROOT;XIRECS;11770.0;6
345800;;;INTARIAN_PEPPER_ROOT;XIRECS;11767.0;6
347800;;;ASH_COATED_OSMIUM;XIRECS;9991.0;2
349800;;;INTARIAN_PEPPER_ROOT;XIRECS;11775.0;6
350900;;;ASH_COATED_OSMIUM;XIRECS;10000.0;4
356600;;;ASH_COATED_OSMIUM;XIRECS;10006.0;10
356900;;;INTARIAN_PEPPER_ROOT;XIRECS;11814.0;4
357100;;;INTARIAN_PEPPER_ROOT;XIRECS;11801.0;5
359100;;;INTARIAN_PEPPER_ROOT;XIRECS;11812.0;4
361200;;;INTARIAN_PEPPER_ROOT;XIRECS;11825.0;8
364000;;;ASH_COATED_OSMIUM;XIRECS;9994.0;9
364200;;;ASH_COATED_OSMIUM;XIRECS;9992.0;6
365300;;;ASH_COATED_OSMIUM;XIRECS;10005.0;9
365400;;;ASH_COATED_OSMIUM;XIRECS;9994.0;9
366000;;;ASH_COATED_OSMIUM;XIRECS;10001.0;10
366100;;;ASH_COATED_OSMIUM;XIRECS;10000.0;8
366400;;;INTARIAN_PEPPER_ROOT;XIRECS;11863.0;6
366700;;;ASH_COATED_OSMIUM;XIRECS;9992.0;6
366800;;;ASH_COATED_OSMIUM;XIRECS;9992.0;3
368100;;;INTARIAN_PEPPER_ROOT;XIRECS;11859.0;6
368800;;;ASH_COATED_OSMIUM;XIRECS;10002.0;5
370100;;;ASH_COATED_OSMIUM;XIRECS;9994.0;4
370300;;;ASH_COATED_OSMIUM;XIRECS;9994.0;4
370700;;;ASH_COATED_OSMIUM;XIRECS;9992.0;4
371300;;;INTARIAN_PEPPER_ROOT;XIRECS;11890.0;4
371900;;;ASH_COATED_OSMIUM;XIRECS;10003.0;6
373100;;;ASH_COATED_OSMIUM;XIRECS;9991.0;6
373900;;;INTARIAN_PEPPER_ROOT;XIRECS;11889.0;5
375100;;;INTARIAN_PEPPER_ROOT;XIRECS;11894.0;7
376400;;;ASH_COATED_OSMIUM;XIRECS;10010.0;7
377800;;;INTARIAN_PEPPER_ROOT;XIRECS;11925.0;6
381200;;;ASH_COATED_OSMIUM;XIRECS;9994.0;2
381200;;;ASH_COATED_OSMIUM;XIRECS;10003.0;4
381400;;;INTARIAN_PEPPER_ROOT;XIRECS;11931.0;8
381500;;;INTARIAN_PEPPER_ROOT;XIRECS;11943.0;8
381500;;;ASH_COATED_OSMIUM;XIRECS;10010.0;2
383400;;;ASH_COATED_OSMIUM;XIRECS;9993.0;3
384200;;;ASH_COATED_OSMIUM;XIRECS;10003.0;2
386400;;;INTARIAN_PEPPER_ROOT;XIRECS;11956.0;7
386500;;;ASH_COATED_OSMIUM;XIRECS;10010.0;2
387400;;;INTARIAN_PEPPER_ROOT;XIRECS;11962.0;6
387800;;;ASH_COATED_OSMIUM;XIRECS;9993.0;10
390200;;;ASH_COATED_OSMIUM;XIRECS;9992.0;2
390900;;;INTARIAN_PEPPER_ROOT;XIRECS;11980.0;6
394000;;;ASH_COATED_OSMIUM;XIRECS;9990.0;4
394300;;;INTARIAN_PEPPER_ROOT;XIRECS;11999.0;6
395200;;;INTARIAN_PEPPER_ROOT;XIRECS;12016.0;5
395200;;;INTARIAN_PEPPER_ROOT;XIRECS;12003.0;3
395200;;;ASH_COATED_OSMIUM;XIRECS;10008.0;5
395300;;;INTARIAN_PEPPER_ROOT;XIRECS;12004.0;6
397300;;;INTARIAN_PEPPER_ROOT;XIRECS;12013.0;3
397900;;;INTARIAN_PEPPER_ROOT;XIRECS;12030.0;3
398600;;;ASH_COATED_OSMIUM;XIRECS;10009.0;7
398600;;;ASH_COATED_OSMIUM;XIRECS;9991.0;5
399300;;;ASH_COATED_OSMIUM;XIRECS;9992.0;3
400900;;;INTARIAN_PEPPER_ROOT;XIRECS;12046.0;7
403100;;;ASH_COATED_OSMIUM;XIRECS;10004.0;9
404300;;;ASH_COATED_OSMIUM;XIRECS;10009.0;9
405600;;;ASH_COATED_OSMIUM;XIRECS;10000.0;3
408300;;;ASH_COATED_OSMIUM;XIRECS;10008.0;3
410200;;;ASH_COATED_OSMIUM;XIRECS;10009.0;3
411300;;;ASH_COATED_OSMIUM;XIRECS;10001.0;5
412300;;;ASH_COATED_OSMIUM;XIRECS;10009.0;6
413500;;;ASH_COATED_OSMIUM;XIRECS;9992.0;7
414300;;;ASH_COATED_OSMIUM;XIRECS;9993.0;6
414900;;;ASH_COATED_OSMIUM;XIRECS;9993.0;3
415600;;;INTARIAN_PEPPER_ROOT;XIRECS;12123.0;5
418200;;;ASH_COATED_OSMIUM;XIRECS;10009.0;4
419000;;;ASH_COATED_OSMIUM;XIRECS;9991.0;6
420500;;;ASH_COATED_OSMIUM;XIRECS;10010.0;6
421200;;;ASH_COATED_OSMIUM;XIRECS;10009.0;6
421700;;;ASH_COATED_OSMIUM;XIRECS;9997.0;5
422300;;;INTARIAN_PEPPER_ROOT;XIRECS;12146.0;4
422300;;;ASH_COATED_OSMIUM;XIRECS;10009.0;5
423100;;;INTARIAN_PEPPER_ROOT;XIRECS;12152.0;6
423200;;;ASH_COATED_OSMIUM;XIRECS;10010.0;5
423300;;;INTARIAN_PEPPER_ROOT;XIRECS;12166.0;5
426700;;;INTARIAN_PEPPER_ROOT;XIRECS;12169.0;7
427000;;;INTARIAN_PEPPER_ROOT;XIRECS;12171.0;7
427100;;;INTARIAN_PEPPER_ROOT;XIRECS;12186.0;4
427200;;;INTARIAN_PEPPER_ROOT;XIRECS;12173.0;3
427400;;;ASH_COATED_OSMIUM;XIRECS;10009.0;10
427700;;;ASH_COATED_OSMIUM;XIRECS;10009.0;2
429900;;;INTARIAN_PEPPER_ROOT;XIRECS;12188.0;6
430200;;;INTARIAN_PEPPER_ROOT;XIRECS;12203.0;5
431300;;;ASH_COATED_OSMIUM;XIRECS;10012.0;6
432700;;;ASH_COATED_OSMIUM;XIRECS;9994.0;9
434800;;;ASH_COATED_OSMIUM;XIRECS;10009.0;9
435900;;;INTARIAN_PEPPER_ROOT;XIRECS;12218.0;7
440400;;;ASH_COATED_OSMIUM;XIRECS;9995.0;4
444500;;;ASH_COATED_OSMIUM;XIRECS;10003.0;5
445800;;;ASH_COATED_OSMIUM;XIRECS;9993.0;5
446000;;;ASH_COATED_OSMIUM;XIRECS;10001.0;5
446200;;;ASH_COATED_OSMIUM;XIRECS;9990.0;5
446800;;;INTARIAN_PEPPER_ROOT;XIRECS;12278.0;6
448500;;;INTARIAN_PEPPER_ROOT;XIRECS;12298.0;6
450100;;;INTARIAN_PEPPER_ROOT;XIRECS;12293.0;3
450400;;;INTARIAN_PEPPER_ROOT;XIRECS;12309.0;4
450500;;;ASH_COATED_OSMIUM;XIRECS;10011.0;6
451700;;;ASH_COATED_OSMIUM;XIRECS;10009.0;5
452300;;;ASH_COATED_OSMIUM;XIRECS;10003.0;6
456700;;;ASH_COATED_OSMIUM;XIRECS;9999.0;5
457900;;;INTARIAN_PEPPER_ROOT;XIRECS;12336.0;8
465100;;;INTARIAN_PEPPER_ROOT;XIRECS;12388.0;4
465700;;;INTARIAN_PEPPER_ROOT;XIRECS;12390.0;6
468000;;;INTARIAN_PEPPER_ROOT;XIRECS;12389.0;6
468500;;;ASH_COATED_OSMIUM;XIRECS;9991.0;6
469200;;;INTARIAN_PEPPER_ROOT;XIRECS;12394.0;6
471700;;;ASH_COATED_OSMIUM;XIRECS;9992.0;5
471900;;;INTARIAN_PEPPER_ROOT;XIRECS;12423.0;4
472100;;;INTARIAN_PEPPER_ROOT;XIRECS;12426.0;3
472200;;;ASH_COATED_OSMIUM;XIRECS;10003.0;8
474500;;;INTARIAN_PEPPER_ROOT;XIRECS;12437.0;5
475800;;;INTARIAN_PEPPER_ROOT;XIRECS;12443.0;6
478000;;;ASH_COATED_OSMIUM;XIRECS;9992.0;8
479300;;;INTARIAN_PEPPER_ROOT;XIRECS;12463.0;6
479900;;;ASH_COATED_OSMIUM;XIRECS;10009.0;10
480300;;;INTARIAN_PEPPER_ROOT;XIRECS;12468.0;7
480600;;;INTARIAN_PEPPER_ROOT;XIRECS;12456.0;3
482500;;;INTARIAN_PEPPER_ROOT;XIRECS;12479.0;5
483500;;;INTARIAN_PEPPER_ROOT;XIRECS;12486.0;3
485800;;;INTARIAN_PEPPER_ROOT;XIRECS;12499.0;5
486400;;;ASH_COATED_OSMIUM;XIRECS;10009.0;3
487300;;;INTARIAN_PEPPER_ROOT;XIRECS;12489.0;7
488100;;;ASH_COATED_OSMIUM;XIRECS;9991.0;4
488900;;;INTARIAN_PEPPER_ROOT;XIRECS;12513.0;4
489300;;;ASH_COATED_OSMIUM;XIRECS;10011.0;8
490600;;;ASH_COATED_OSMIUM;XIRECS;10007.0;10
490800;;;ASH_COATED_OSMIUM;XIRECS;10007.0;2
492500;;;ASH_COATED_OSMIUM;XIRECS;10001.0;6
493800;;;INTARIAN_PEPPER_ROOT;XIRECS;12539.0;3
494400;;;ASH_COATED_OSMIUM;XIRECS;10004.0;8
494600;;;ASH_COATED_OSMIUM;XIRECS;10009.0;8
496400;;;INTARIAN_PEPPER_ROOT;XIRECS;12553.0;4
502100;;;ASH_COATED_OSMIUM;XIRECS;10001.0;5
504900;;;INTARIAN_PEPPER_ROOT;XIRECS;12597.0;4
506700;;;ASH_COATED_OSMIUM;XIRECS;10009.0;8
509000;;;ASH_COATED_OSMIUM;XIRECS;9989.0;6
512500;;;ASH_COATED_OSMIUM;XIRECS;10008.0;4
512600;;;INTARIAN_PEPPER_ROOT;XIRECS;12638.0;3
513100;;;INTARIAN_PEPPER_ROOT;XIRECS;12630.0;4
516500;;;ASH_COATED_OSMIUM;XIRECS;10000.0;4
518000;;;INTARIAN_PEPPER_ROOT;XIRECS;12656.0;3
518800;;;INTARIAN_PEPPER_ROOT;XIRECS;12659.0;6
518800;;;INTARIAN_PEPPER_ROOT;XIRECS;12672.0;3
519200;;;ASH_COATED_OSMIUM;XIRECS;9992.0;5
522300;;;ASH_COATED_OSMIUM;XIRECS;9992.0;6
522600;;;INTARIAN_PEPPER_ROOT;XIRECS;12679.0;6
523500;;;ASH_COATED_OSMIUM;XIRECS;9993.0;7
526000;;;INTARIAN_PEPPER_ROOT;XIRECS;12698.0;3
526900;;;INTARIAN_PEPPER_ROOT;XIRECS;12717.0;5
527200;;;ASH_COATED_OSMIUM;XIRECS;10001.0;7
527400;;;INTARIAN_PEPPER_ROOT;XIRECS;12718.0;7
527800;;;ASH_COATED_OSMIUM;XIRECS;9993.0;6
528300;;;ASH_COATED_OSMIUM;XIRECS;9992.0;4
528400;;;ASH_COATED_OSMIUM;XIRECS;10008.0;4
532500;;;ASH_COATED_OSMIUM;XIRECS;10007.0;2
533500;;;INTARIAN_PEPPER_ROOT;XIRECS;12737.0;4
534400;;;ASH_COATED_OSMIUM;XIRECS;10008.0;3
537500;;;ASH_COATED_OSMIUM;XIRECS;10008.0;5
542200;;;ASH_COATED_OSMIUM;XIRECS;9992.0;8
542500;;;ASH_COATED_OSMIUM;XIRECS;10001.0;7
543300;;;ASH_COATED_OSMIUM;XIRECS;10008.0;10
544800;;;INTARIAN_PEPPER_ROOT;XIRECS;12798.0;7
545900;;;ASH_COATED_OSMIUM;XIRECS;9992.0;6
550200;;;INTARIAN_PEPPER_ROOT;XIRECS;12838.0;5
550600;;;ASH_COATED_OSMIUM;XIRECS;9992.0;5
551900;;;INTARIAN_PEPPER_ROOT;XIRECS;12836.0;6
552400;;;ASH_COATED_OSMIUM;XIRECS;10008.0;5
553000;;;ASH_COATED_OSMIUM;XIRECS;10001.0;2
554400;;;ASH_COATED_OSMIUM;XIRECS;10003.0;5
557600;;;ASH_COATED_OSMIUM;XIRECS;10002.0;8
560900;;;INTARIAN_PEPPER_ROOT;XIRECS;12899.0;4
563700;;;INTARIAN_PEPPER_ROOT;XIRECS;12909.0;6
566700;;;INTARIAN_PEPPER_ROOT;XIRECS;12914.0;5
566900;;;INTARIAN_PEPPER_ROOT;XIRECS;12928.0;5
569000;;;ASH_COATED_OSMIUM;XIRECS;10000.0;3
569300;;;ASH_COATED_OSMIUM;XIRECS;10000.0;6
570100;;;INTARIAN_PEPPER_ROOT;XIRECS;12945.0;7
570100;;;INTARIAN_PEPPER_ROOT;XIRECS;12945.0;5
571100;;;ASH_COATED_OSMIUM;XIRECS;9993.0;5
571400;;;ASH_COATED_OSMIUM;XIRECS;9992.0;5
572200;;;ASH_COATED_OSMIUM;XIRECS;9990.0;5
573400;;;ASH_COATED_OSMIUM;XIRECS;10001.0;3
574700;;;ASH_COATED_OSMIUM;XIRECS;10008.0;7
575300;;;ASH_COATED_OSMIUM;XIRECS;9991.0;2
575800;;;INTARIAN_PEPPER_ROOT;XIRECS;12962.0;6
575900;;;INTARIAN_PEPPER_ROOT;XIRECS;12975.0;4
575900;;;ASH_COATED_OSMIUM;XIRECS;10008.0;6
579300;;;INTARIAN_PEPPER_ROOT;XIRECS;12980.0;5
579500;;;INTARIAN_PEPPER_ROOT;XIRECS;12995.0;5
579700;;;ASH_COATED_OSMIUM;XIRECS;9992.0;3
580500;;;INTARIAN_PEPPER_ROOT;XIRECS;13000.0;6
581000;;;ASH_COATED_OSMIUM;XIRECS;10000.0;3
582200;;;ASH_COATED_OSMIUM;XIRECS;9993.0;8
583300;;;INTARIAN_PEPPER_ROOT;XIRECS;13017.0;6
586100;;;ASH_COATED_OSMIUM;XIRECS;9996.0;10
586100;;;ASH_COATED_OSMIUM;XIRECS;10010.0;10
587500;;;INTARIAN_PEPPER_ROOT;XIRECS;13037.0;6
588900;;;ASH_COATED_OSMIUM;XIRECS;10008.0;6
589600;;;INTARIAN_PEPPER_ROOT;XIRECS;13036.0;8
592500;;;INTARIAN_PEPPER_ROOT;XIRECS;13051.0;3
594500;;;ASH_COATED_OSMIUM;XIRECS;10008.0;2
594600;;;INTARIAN_PEPPER_ROOT;XIRECS;13075.0;7
594900;;;INTARIAN_PEPPER_ROOT;XIRECS;13063.0;7
595800;;;ASH_COATED_OSMIUM;XIRECS;10000.0;9
597700;;;INTARIAN_PEPPER_ROOT;XIRECS;13092.0;6
597900;;;ASH_COATED_OSMIUM;XIRECS;9994.0;10
598300;;;ASH_COATED_OSMIUM;XIRECS;9993.0;10
600800;;;ASH_COATED_OSMIUM;XIRECS;10010.0;2
601400;;;INTARIAN_PEPPER_ROOT;XIRECS;13110.0;4
601500;;;INTARIAN_PEPPER_ROOT;XIRECS;13099.0;5
604700;;;INTARIAN_PEPPER_ROOT;XIRECS;13116.0;5
606200;;;ASH_COATED_OSMIUM;XIRECS;10000.0;4
607700;;;ASH_COATED_OSMIUM;XIRECS;9991.0;3
608200;;;ASH_COATED_OSMIUM;XIRECS;10009.0;9
610900;;;INTARIAN_PEPPER_ROOT;XIRECS;13146.0;8
613000;;;INTARIAN_PEPPER_ROOT;XIRECS;13146.0;3
613400;;;ASH_COATED_OSMIUM;XIRECS;10004.0;5
615900;;;ASH_COATED_OSMIUM;XIRECS;9996.0;3
617300;;;INTARIAN_PEPPER_ROOT;XIRECS;13135.0;5
618100;;;INTARIAN_PEPPER_ROOT;XIRECS;13133.0;7
619500;;;INTARIAN_PEPPER_ROOT;XIRECS;13113.0;6
619600;;;ASH_COATED_OSMIUM;XIRECS;9999.0;5
620400;;;ASH_COATED_OSMIUM;XIRECS;9991.0;3
620700;;;ASH_COATED_OSMIUM;XIRECS;9999.0;3
621200;;;INTARIAN_PEPPER_ROOT;XIRECS;13106.0;7
623300;;;ASH_COATED_OSMIUM;XIRECS;9999.0;2
624100;;;INTARIAN_PEPPER_ROOT;XIRECS;13108.0;6
625400;;;ASH_COATED_OSMIUM;XIRECS;10005.0;3
625700;;;ASH_COATED_OSMIUM;XIRECS;10001.0;5
626000;;;INTARIAN_PEPPER_ROOT;XIRECS;13101.0;5
626200;;;ASH_COATED_OSMIUM;XIRECS;10001.0;5
627000;;;ASH_COATED_OSMIUM;XIRECS;9992.0;5
629700;;;INTARIAN_PEPPER_ROOT;XIRECS;13086.0;4
633500;;;INTARIAN_PEPPER_ROOT;XIRECS;13072.0;7
634000;;;INTARIAN_PEPPER_ROOT;XIRECS;13057.0;5
635400;;;ASH_COATED_OSMIUM;XIRECS;9993.0;10
637800;;;INTARIAN_PEPPER_ROOT;XIRECS;13042.0;4
640100;;;INTARIAN_PEPPER_ROOT;XIRECS;13033.0;6
643500;;;ASH_COATED_OSMIUM;XIRECS;9992.0;4
644600;;;INTARIAN_PEPPER_ROOT;XIRECS;13027.0;7
644900;;;ASH_COATED_OSMIUM;XIRECS;10011.0;2
645000;;;INTARIAN_PEPPER_ROOT;XIRECS;13027.0;7
645200;;;ASH_COATED_OSMIUM;XIRECS;10001.0;3
645500;;;INTARIAN_PEPPER_ROOT;XIRECS;13024.0;6
645600;;;ASH_COATED_OSMIUM;XIRECS;10010.0;7
646000;;;ASH_COATED_OSMIUM;XIRECS;9998.0;4
646800;;;INTARIAN_PEPPER_ROOT;XIRECS;13021.0;7
648900;;;INTARIAN_PEPPER_ROOT;XIRECS;12998.0;5
649100;;;ASH_COATED_OSMIUM;XIRECS;10001.0;5
650400;;;INTARIAN_PEPPER_ROOT;XIRECS;12992.0;7
650500;;;ASH_COATED_OSMIUM;XIRECS;9994.0;8
651100;;;ASH_COATED_OSMIUM;XIRECS;10001.0;8
652900;;;INTARIAN_PEPPER_ROOT;XIRECS;12982.0;7
654700;;;INTARIAN_PEPPER_ROOT;XIRECS;12988.0;6
655800;;;INTARIAN_PEPPER_ROOT;XIRECS;12969.0;3
657600;;;ASH_COATED_OSMIUM;XIRECS;9991.0;9
658200;;;ASH_COATED_OSMIUM;XIRECS;9989.0;10
660100;;;ASH_COATED_OSMIUM;XIRECS;9992.0;2
660200;;;ASH_COATED_OSMIUM;XIRECS;9992.0;5
661700;;;ASH_COATED_OSMIUM;XIRECS;10010.0;8
664000;;;INTARIAN_PEPPER_ROOT;XIRECS;12940.0;8
664700;;;ASH_COATED_OSMIUM;XIRECS;10000.0;5
667300;;;INTARIAN_PEPPER_ROOT;XIRECS;12926.0;7
667500;;;ASH_COATED_OSMIUM;XIRECS;10000.0;7
668900;;;INTARIAN_PEPPER_ROOT;XIRECS;12920.0;7
671700;;;INTARIAN_PEPPER_ROOT;XIRECS;12922.0;6
671900;;;ASH_COATED_OSMIUM;XIRECS;10002.0;9
672700;;;INTARIAN_PEPPER_ROOT;XIRECS;12905.0;4
672700;;;ASH_COATED_OSMIUM;XIRECS;9994.0;2
673200;;;ASH_COATED_OSMIUM;XIRECS;9993.0;5
674100;;;INTARIAN_PEPPER_ROOT;XIRECS;12915.0;4
676700;;;ASH_COATED_OSMIUM;XIRECS;10001.0;9
676900;;;INTARIAN_PEPPER_ROOT;XIRECS;12901.0;6
679000;;;INTARIAN_PEPPER_ROOT;XIRECS;12894.0;6
679900;;;INTARIAN_PEPPER_ROOT;XIRECS;12876.0;7
680900;;;INTARIAN_PEPPER_ROOT;XIRECS;12885.0;6
687400;;;ASH_COATED_OSMIUM;XIRECS;10008.0;10
688600;;;ASH_COATED_OSMIUM;XIRECS;9999.0;6
689400;;;ASH_COATED_OSMIUM;XIRECS;9991.0;5
691200;;;ASH_COATED_OSMIUM;XIRECS;10008.0;3
691800;;;ASH_COATED_OSMIUM;XIRECS;10010.0;6
698000;;;INTARIAN_PEPPER_ROOT;XIRECS;12806.0;8
698700;;;INTARIAN_PEPPER_ROOT;XIRECS;12816.0;7
699000;;;ASH_COATED_OSMIUM;XIRECS;10008.0;7
699600;;;ASH_COATED_OSMIUM;XIRECS;10009.0;5
702400;;;ASH_COATED_OSMIUM;XIRECS;9992.0;2
703000;;;ASH_COATED_OSMIUM;XIRECS;10005.0;3
703100;;;INTARIAN_PEPPER_ROOT;XIRECS;12800.0;6
703400;;;ASH_COATED_OSMIUM;XIRECS;10007.0;6
704600;;;ASH_COATED_OSMIUM;XIRECS;9993.0;5
705200;;;INTARIAN_PEPPER_ROOT;XIRECS;12791.0;5
705200;;;ASH_COATED_OSMIUM;XIRECS;10001.0;2
708500;;;INTARIAN_PEPPER_ROOT;XIRECS;12778.0;7
709900;;;ASH_COATED_OSMIUM;XIRECS;9994.0;3
713300;;;ASH_COATED_OSMIUM;XIRECS;10001.0;5
713400;;;ASH_COATED_OSMIUM;XIRECS;10010.0;10
719200;;;INTARIAN_PEPPER_ROOT;XIRECS;12725.0;6
719600;;;INTARIAN_PEPPER_ROOT;XIRECS;12721.0;6
719900;;;ASH_COATED_OSMIUM;XIRECS;10011.0;5
720000;;;INTARIAN_PEPPER_ROOT;XIRECS;12722.0;3
721400;;;INTARIAN_PEPPER_ROOT;XIRECS;12716.0;3
722900;;;INTARIAN_PEPPER_ROOT;XIRECS;12724.0;6
723900;;;INTARIAN_PEPPER_ROOT;XIRECS;12719.0;6
727900;;;INTARIAN_PEPPER_ROOT;XIRECS;12705.0;5
730900;;;ASH_COATED_OSMIUM;XIRECS;10010.0;7
732800;;;ASH_COATED_OSMIUM;XIRECS;10010.0;6
733000;;;INTARIAN_PEPPER_ROOT;XIRECS;12670.0;5
736400;;;ASH_COATED_OSMIUM;XIRECS;9990.0;8
737600;;;ASH_COATED_OSMIUM;XIRECS;9990.0;3
737800;;;ASH_COATED_OSMIUM;XIRECS;10008.0;10
741900;;;ASH_COATED_OSMIUM;XIRECS;10008.0;3
743600;;;ASH_COATED_OSMIUM;XIRECS;10007.0;3
743900;;;ASH_COATED_OSMIUM;XIRECS;9991.0;8
744000;;;ASH_COATED_OSMIUM;XIRECS;10000.0;3
744100;;;INTARIAN_PEPPER_ROOT;XIRECS;12641.0;3
744200;;;ASH_COATED_OSMIUM;XIRECS;10000.0;4
747100;;;ASH_COATED_OSMIUM;XIRECS;9991.0;4
748900;;;ASH_COATED_OSMIUM;XIRECS;9996.0;3
749700;;;ASH_COATED_OSMIUM;XIRECS;10009.0;6
752400;;;ASH_COATED_OSMIUM;XIRECS;9991.0;6
755400;;;ASH_COATED_OSMIUM;XIRECS;9994.0;3
756000;;;ASH_COATED_OSMIUM;XIRECS;10002.0;3
756200;;;INTARIAN_PEPPER_ROOT;XIRECS;12592.0;7
756200;;;ASH_COATED_OSMIUM;XIRECS;10000.0;6
757300;;;INTARIAN_PEPPER_ROOT;XIRECS;12589.0;7
760900;;;INTARIAN_PEPPER_ROOT;XIRECS;12563.0;4
762000;;;ASH_COATED_OSMIUM;XIRECS;9989.0;7
762800;;;INTARIAN_PEPPER_ROOT;XIRECS;12553.0;6
763700;;;INTARIAN_PEPPER_ROOT;XIRECS;12563.0;3
763900;;;ASH_COATED_OSMIUM;XIRECS;9991.0;3
764000;;;INTARIAN_PEPPER_ROOT;XIRECS;12549.0;6
767900;;;INTARIAN_PEPPER_ROOT;XIRECS;12533.0;6
769400;;;ASH_COATED_OSMIUM;XIRECS;9992.0;6
770000;;;ASH_COATED_OSMIUM;XIRECS;10009.0;5
770800;;;ASH_COATED_OSMIUM;XIRECS;9991.0;3
775300;;;ASH_COATED_OSMIUM;XIRECS;9992.0;3
776300;;;INTARIAN_PEPPER_ROOT;XIRECS;12515.0;7
776700;;;INTARIAN_PEPPER_ROOT;XIRECS;12513.0;3
776800;;;ASH_COATED_OSMIUM;XIRECS;9997.0;3
777900;;;ASH_COATED_OSMIUM;XIRECS;10007.0;6
778300;;;ASH_COATED_OSMIUM;XIRECS;10007.0;6
779800;;;ASH_COATED_OSMIUM;XIRECS;10002.0;10
781900;;;ASH_COATED_OSMIUM;XIRECS;9991.0;6
782800;;;INTARIAN_PEPPER_ROOT;XIRECS;12476.0;5
784500;;;ASH_COATED_OSMIUM;XIRECS;10001.0;5
785600;;;INTARIAN_PEPPER_ROOT;XIRECS;12477.0;3
785800;;;ASH_COATED_OSMIUM;XIRECS;10006.0;5
786900;;;ASH_COATED_OSMIUM;XIRECS;9989.0;6
787200;;;ASH_COATED_OSMIUM;XIRECS;9988.0;6
787800;;;ASH_COATED_OSMIUM;XIRECS;10007.0;6
788100;;;INTARIAN_PEPPER_ROOT;XIRECS;12468.0;4
790700;;;ASH_COATED_OSMIUM;XIRECS;10008.0;6
791700;;;ASH_COATED_OSMIUM;XIRECS;10009.0;10
795300;;;INTARIAN_PEPPER_ROOT;XIRECS;12427.0;5
797000;;;INTARIAN_PEPPER_ROOT;XIRECS;12421.0;7
800900;;;INTARIAN_PEPPER_ROOT;XIRECS;12419.0;5
801800;;;INTARIAN_PEPPER_ROOT;XIRECS;12401.0;4
803100;;;ASH_COATED_OSMIUM;XIRECS;9992.0;5
803600;;;INTARIAN_PEPPER_ROOT;XIRECS;12395.0;6
805100;;;ASH_COATED_OSMIUM;XIRECS;10007.0;2
805200;;;INTARIAN_PEPPER_ROOT;XIRECS;12389.0;6
806100;;;ASH_COATED_OSMIUM;XIRECS;10001.0;3
808500;;;ASH_COATED_OSMIUM;XIRECS;10002.0;5
810700;;;INTARIAN_PEPPER_ROOT;XIRECS;12381.0;3
810700;;;ASH_COATED_OSMIUM;XIRECS;10000.0;7
811300;;;INTARIAN_PEPPER_ROOT;XIRECS;12364.0;3
812800;;;INTARIAN_PEPPER_ROOT;XIRECS;12358.0;5
812900;;;ASH_COATED_OSMIUM;XIRECS;9993.0;5
813200;;;INTARIAN_PEPPER_ROOT;XIRECS;12369.0;7
813900;;;INTARIAN_PEPPER_ROOT;XIRECS;12356.0;4
816100;;;INTARIAN_PEPPER_ROOT;XIRECS;12347.0;3
816800;;;ASH_COATED_OSMIUM;XIRECS;10010.0;5
816900;;;ASH_COATED_OSMIUM;XIRECS;9992.0;6
817100;;;INTARIAN_PEPPER_ROOT;XIRECS;12342.0;3
818200;;;INTARIAN_PEPPER_ROOT;XIRECS;12350.0;7
820200;;;INTARIAN_PEPPER_ROOT;XIRECS;12331.0;7
820600;;;INTARIAN_PEPPER_ROOT;XIRECS;12344.0;6
821900;;;ASH_COATED_OSMIUM;XIRECS;10001.0;4
825300;;;INTARIAN_PEPPER_ROOT;XIRECS;12311.0;6
825500;;;INTARIAN_PEPPER_ROOT;XIRECS;12319.0;3
825600;;;ASH_COATED_OSMIUM;XIRECS;10009.0;5
826400;;;ASH_COATED_OSMIUM;XIRECS;9992.0;5
826800;;;ASH_COATED_OSMIUM;XIRECS;10000.0;3
827500;;;INTARIAN_PEPPER_ROOT;XIRECS;12302.0;6
828500;;;INTARIAN_PEPPER_ROOT;XIRECS;12298.0;7
828900;;;ASH_COATED_OSMIUM;XIRECS;10002.0;3
829400;;;INTARIAN_PEPPER_ROOT;XIRECS;12306.0;5
829500;;;ASH_COATED_OSMIUM;XIRECS;10000.0;5
833900;;;INTARIAN_PEPPER_ROOT;XIRECS;12276.0;5
834200;;;INTARIAN_PEPPER_ROOT;XIRECS;12289.0;7
834500;;;INTARIAN_PEPPER_ROOT;XIRECS;12274.0;6
834600;;;ASH_COATED_OSMIUM;XIRECS;9989.0;6
835600;;;ASH_COATED_OSMIUM;XIRECS;9995.0;9
837700;;;ASH_COATED_OSMIUM;XIRECS;10001.0;2
839000;;;INTARIAN_PEPPER_ROOT;XIRECS;12269.0;3
839300;;;ASH_COATED_OSMIUM;XIRECS;9993.0;7
839600;;;INTARIAN_PEPPER_ROOT;XIRECS;12255.0;6
841900;;;ASH_COATED_OSMIUM;XIRECS;10009.0;9
844900;;;ASH_COATED_OSMIUM;XIRECS;10012.0;2
845400;;;INTARIAN_PEPPER_ROOT;XIRECS;12237.0;3
845600;;;INTARIAN_PEPPER_ROOT;XIRECS;12231.0;5
845600;;;ASH_COATED_OSMIUM;XIRECS;9993.0;7
845700;;;ASH_COATED_OSMIUM;XIRECS;9993.0;4
846200;;;ASH_COATED_OSMIUM;XIRECS;9992.0;5
848100;;;INTARIAN_PEPPER_ROOT;XIRECS;12221.0;7
848100;;;ASH_COATED_OSMIUM;XIRECS;10000.0;4
848200;;;INTARIAN_PEPPER_ROOT;XIRECS;12234.0;3
848800;;;ASH_COATED_OSMIUM;XIRECS;10008.0;3
849500;;;INTARIAN_PEPPER_ROOT;XIRECS;12214.0;3
853000;;;ASH_COATED_OSMIUM;XIRECS;10009.0;2
854700;;;INTARIAN_PEPPER_ROOT;XIRECS;12194.0;5
855100;;;INTARIAN_PEPPER_ROOT;XIRECS;12207.0;4
855900;;;INTARIAN_PEPPER_ROOT;XIRECS;12204.0;6
856600;;;INTARIAN_PEPPER_ROOT;XIRECS;12188.0;5
857000;;;INTARIAN_PEPPER_ROOT;XIRECS;12184.0;6
858900;;;ASH_COATED_OSMIUM;XIRECS;10007.0;5
860400;;;INTARIAN_PEPPER_ROOT;XIRECS;12172.0;8
861000;;;ASH_COATED_OSMIUM;XIRECS;10000.0;9
862800;;;INTARIAN_PEPPER_ROOT;XIRECS;12161.0;3
863000;;;INTARIAN_PEPPER_ROOT;XIRECS;12164.0;7
863300;;;INTARIAN_PEPPER_ROOT;XIRECS;12175.0;5
863600;;;ASH_COATED_OSMIUM;XIRECS;9989.0;2
864400;;;INTARIAN_PEPPER_ROOT;XIRECS;12156.0;6
865200;;;ASH_COATED_OSMIUM;XIRECS;9999.0;6
865900;;;ASH_COATED_OSMIUM;XIRECS;9999.0;8
866700;;;ASH_COATED_OSMIUM;XIRECS;9991.0;5
868400;;;ASH_COATED_OSMIUM;XIRECS;9992.0;5
868700;;;ASH_COATED_OSMIUM;XIRECS;10010.0;8
871200;;;INTARIAN_PEPPER_ROOT;XIRECS;12144.0;5
872000;;;ASH_COATED_OSMIUM;XIRECS;9991.0;4
873600;;;ASH_COATED_OSMIUM;XIRECS;10000.0;10
875500;;;INTARIAN_PEPPER_ROOT;XIRECS;12115.0;5
880000;;;INTARIAN_PEPPER_ROOT;XIRECS;12112.0;4
880300;;;INTARIAN_PEPPER_ROOT;XIRECS;12095.0;6
880800;;;ASH_COATED_OSMIUM;XIRECS;10000.0;6
883300;;;INTARIAN_PEPPER_ROOT;XIRECS;12082.0;3
884300;;;ASH_COATED_OSMIUM;XIRECS;9994.0;8
884600;;;INTARIAN_PEPPER_ROOT;XIRECS;12091.0;3
884700;;;INTARIAN_PEPPER_ROOT;XIRECS;12078.0;5
886100;;;ASH_COATED_OSMIUM;XIRECS;9993.0;9
888300;;;INTARIAN_PEPPER_ROOT;XIRECS;12062.0;4
891900;;;ASH_COATED_OSMIUM;XIRECS;9999.0;2
892600;;;ASH_COATED_OSMIUM;XIRECS;9992.0;4
893900;;;ASH_COATED_OSMIUM;XIRECS;10009.0;5
895400;;;INTARIAN_PEPPER_ROOT;XIRECS;12052.0;4
898300;;;INTARIAN_PEPPER_ROOT;XIRECS;12039.0;6
898300;;;ASH_COATED_OSMIUM;XIRECS;10002.0;6
898500;;;ASH_COATED_OSMIUM;XIRECS;10011.0;4
901700;;;INTARIAN_PEPPER_ROOT;XIRECS;12025.0;3
901700;;;INTARIAN_PEPPER_ROOT;XIRECS;12025.0;5
903000;;;INTARIAN_PEPPER_ROOT;XIRECS;12021.0;7
903400;;;INTARIAN_PEPPER_ROOT;XIRECS;12021.0;7
903600;;;INTARIAN_PEPPER_ROOT;XIRECS;12019.0;7
903900;;;INTARIAN_PEPPER_ROOT;XIRECS;12003.0;6
906600;;;ASH_COATED_OSMIUM;XIRECS;10009.0;7
907400;;;INTARIAN_PEPPER_ROOT;XIRECS;12005.0;3
907600;;;INTARIAN_PEPPER_ROOT;XIRECS;11988.0;6
908800;;;ASH_COATED_OSMIUM;XIRECS;10009.0;5
912000;;;ASH_COATED_OSMIUM;XIRECS;10002.0;5
912600;;;INTARIAN_PEPPER_ROOT;XIRECS;11983.0;4
914600;;;ASH_COATED_OSMIUM;XIRECS;10010.0;3
915500;;;INTARIAN_PEPPER_ROOT;XIRECS;11956.0;7
915800;;;INTARIAN_PEPPER_ROOT;XIRECS;11965.0;3
917900;;;ASH_COATED_OSMIUM;XIRECS;9993.0;7
918500;;;INTARIAN_PEPPER_ROOT;XIRECS;11947.0;3
918900;;;INTARIAN_PEPPER_ROOT;XIRECS;11944.0;6
920500;;;INTARIAN_PEPPER_ROOT;XIRECS;11939.0;3
920500;;;ASH_COATED_OSMIUM;XIRECS;9999.0;6
924900;;;INTARIAN_PEPPER_ROOT;XIRECS;11920.0;4
925500;;;INTARIAN_PEPPER_ROOT;XIRECS;11920.0;4
925600;;;INTARIAN_PEPPER_ROOT;XIRECS;11932.0;4
929600;;;INTARIAN_PEPPER_ROOT;XIRECS;11915.0;5
930100;;;ASH_COATED_OSMIUM;XIRECS;9995.0;10
931300;;;INTARIAN_PEPPER_ROOT;XIRECS;11897.0;4
931900;;;ASH_COATED_OSMIUM;XIRECS;10007.0;6
933000;;;INTARIAN_PEPPER_ROOT;XIRECS;11888.0;7
933000;;;ASH_COATED_OSMIUM;XIRECS;10001.0;6
936200;;;ASH_COATED_OSMIUM;XIRECS;10010.0;2
937200;;;ASH_COATED_OSMIUM;XIRECS;10001.0;10
938000;;;ASH_COATED_OSMIUM;XIRECS;10000.0;9
938200;;;INTARIAN_PEPPER_ROOT;XIRECS;11883.0;6
938200;;;ASH_COATED_OSMIUM;XIRECS;10001.0;3
938600;;;ASH_COATED_OSMIUM;XIRECS;10010.0;5
939200;;;ASH_COATED_OSMIUM;XIRECS;9995.0;9
939400;;;ASH_COATED_OSMIUM;XIRECS;9992.0;8
939900;;;ASH_COATED_OSMIUM;XIRECS;9991.0;5
940000;;;INTARIAN_PEPPER_ROOT;XIRECS;11875.0;4
941600;;;ASH_COATED_OSMIUM;XIRECS;10001.0;8
941600;;;ASH_COATED_OSMIUM;XIRECS;10001.0;7
943000;;;ASH_COATED_OSMIUM;XIRECS;10004.0;10
943400;;;INTARIAN_PEPPER_ROOT;XIRECS;11848.0;6
947700;;;ASH_COATED_OSMIUM;XIRECS;10008.0;6
948300;;;ASH_COATED_OSMIUM;XIRECS;9992.0;10
948900;;;ASH_COATED_OSMIUM;XIRECS;10009.0;4
950200;;;INTARIAN_PEPPER_ROOT;XIRECS;11838.0;6
950300;;;INTARIAN_PEPPER_ROOT;XIRECS;11836.0;3
954100;;;ASH_COATED_OSMIUM;XIRECS;10010.0;4
954400;;;ASH_COATED_OSMIUM;XIRECS;10010.0;6
955100;;;INTARIAN_PEPPER_ROOT;XIRECS;11812.0;6
956400;;;ASH_COATED_OSMIUM;XIRECS;9993.0;8
957700;;;INTARIAN_PEPPER_ROOT;XIRECS;11805.0;4
958300;;;INTARIAN_PEPPER_ROOT;XIRECS;11805.0;6
960000;;;ASH_COATED_OSMIUM;XIRECS;9991.0;9
963900;;;ASH_COATED_OSMIUM;XIRECS;10009.0;7
964000;;;ASH_COATED_OSMIUM;XIRECS;9994.0;9
965900;;;INTARIAN_PEPPER_ROOT;XIRECS;11761.0;5
966200;;;ASH_COATED_OSMIUM;XIRECS;10006.0;2
966800;;;INTARIAN_PEPPER_ROOT;XIRECS;11757.0;5
967600;;;ASH_COATED_OSMIUM;XIRECS;10007.0;2
969900;;;INTARIAN_PEPPER_ROOT;XIRECS;11745.0;3
971500;;;ASH_COATED_OSMIUM;XIRECS;9991.0;8
974700;;;ASH_COATED_OSMIUM;XIRECS;9997.0;3
975700;;;INTARIAN_PEPPER_ROOT;XIRECS;11723.0;7
978200;;;ASH_COATED_OSMIUM;XIRECS;10002.0;3
982500;;;INTARIAN_PEPPER_ROOT;XIRECS;11712.0;3
983600;;;ASH_COATED_OSMIUM;XIRECS;10003.0;4
984700;;;ASH_COATED_OSMIUM;XIRECS;10009.0;10
985100;;;ASH_COATED_OSMIUM;XIRECS;10010.0;6
986200;;;INTARIAN_PEPPER_ROOT;XIRECS;11695.0;6
987600;;;INTARIAN_PEPPER_ROOT;XIRECS;11689.0;7
988600;;;ASH_COATED_OSMIUM;XIRECS;9993.0;9
989300;;;ASH_COATED_OSMIUM;XIRECS;9993.0;10
991000;;;ASH_COATED_OSMIUM;XIRECS;10010.0;2
991200;;;ASH_COATED_OSMIUM;XIRECS;10001.0;2
991500;;;ASH_COATED_OSMIUM;XIRECS;10010.0;5
995300;;;ASH_COATED_OSMIUM;XIRECS;9993.0;6
996400;;;ASH_COATED_OSMIUM;XIRECS;10000.0;3
998900;;;INTARIAN_PEPPER_ROOT;XIRECS;11633.0;5