timestamp;buyer;seller;symbol;currency;price;quantity
2100;;;INTARIAN_PEPPER_ROOT;XIRECS;12996.0;6
3700;;;INTARIAN_PEPPER_ROOT;XIRECS;12976.0;3
4200;;;ASH_COATED_OSMIUM;XIRECS;9995.0;7
5200;;;ASH_COATED_OSMIUM;XIRECS;10000.0;3
6500;;;ASH_COATED_OSMIUM;XIRECS;10000.0;7
13500;;;ASH_COATED_OSMIUM;XIRECS;10000.0;5
15400;;;ASH_COATED_OSMIUM;XIRECS;10001.0;6
15700;;;ASH_COATED_OSMIUM;XIRECS;10001.0;6
16300;;;ASH_COATED_OSMIUM;XIRECS;10000.0;9
17200;;;INTARIAN_PEPPER_ROOT;XIRECS;12901.0;4
17700;;;ASH_COATED_OSMIUM;XIRECS;10008.0;8
20200;;;INTARIAN_PEPPER_ROOT;XIRECS;12886.0;6
21500;;;INTARIAN_PEPPER_ROOT;XIRECS;12879.0;4
24900;;;INTARIAN_PEPPER_ROOT;XIRECS;12859.0;3
26800;;;INTARIAN_PEPPER_ROOT;XIRECS;12863.0;3
27100;;;INTARIAN_PEPPER_ROOT;XIRECS;12848.0;7
27300;;;INTARIAN_PEPPER_ROOT;XIRECS;12861.0;5
28400;;;ASH_COATED_OSMIUM;XIRECS;9992.0;7
28700;;;INTARIAN_PEPPER_ROOT;XIRECS;12840.0;4
30000;;;INTARIAN_PEPPER_ROOT;XIRECS;12833.0;4
31000;;;ASH_COATED_OSMIUM;XIRECS;10004.0;5
32100;;;INTARIAN_PEPPER_ROOT;XIRECS;12830.0;5
32200;;;ASH_COATED_OSMIUM;XIRECS;10001.0;2
32900;;;ASH_COATED_OSMIUM;XIRECS;10009.0;3
37700;;;ASH_COATED_OSMIUM;XIRECS;9999.0;6
41100;;;INTARIAN_PEPPER_ROOT;XIRECS;12772.0;6
42000;;;ASH_COATED_OSMIUM;XIRECS;10000.0;9
43400;;;INTARIAN_PEPPER_ROOT;XIRECS;12773.0;7
45100;;;ASH_COATED_OSMIUM;XIRECS;10007.0;9
46000;;;ASH_COATED_OSMIUM;XIRECS;9991.0;5
47200;;;ASH_COATED_OSMIUM;XIRECS;10009.0;5
47500;;;ASH_COATED_OSMIUM;XIRECS;10009.0;3
48100;;;INTARIAN_PEPPER_ROOT;XIRECS;12747.0;5
49900;;;INTARIAN_PEPPER_ROOT;XIRECS;12737.0;5
53600;;;ASH_COATED_OSMIUM;XIRECS;9993.0;10
55800;;;INTARIAN_PEPPER_ROOT;XIRECS;12692.0;5
58900;;;INTARIAN_PEPPER_ROOT;XIRECS;12677.0;7
59400;;;ASH_COATED_OSMIUM;XIRECS;9993.0;5
59800;;;ASH_COATED_OSMIUM;XIRECS;10001.0;4
60200;;;ASH_COATED_OSMIUM;XIRECS;10009.0;7
60700;;;INTARIAN_PEPPER_ROOT;XIRECS;12666.0;5
61100;;;ASH_COATED_OSMIUM;XIRECS;9992.0;3
64900;;;ASH_COATED_OSMIUM;XIRECS;10010.0;6
64900;;;ASH_COATED_OSMIUM;XIRECS;9994.0;4
69800;;;INTARIAN_PEPPER_ROOT;XIRECS;12618.0;4
70400;;;ASH_COATED_OSMIUM;XIRECS;10009.0;7
71900;;;ASH_COATED_OSMIUM;XIRECS;10009.0;6
72500;;;ASH_COATED_OSMIUM;XIRECS;10009.0;6
74200;;;INTARIAN_PEPPER_ROOT;XIRECS;12601.0;6
74300;;;ASH_COATED_OSMIUM;XIRECS;9993.0;5
75500;;;INTARIAN_PEPPER_ROOT;XIRECS;12588.0;7
75600;;;ASH_COATED_OSMIUM;XIRECS;10009.0;9
76800;;;ASH_COATED_OSMIUM;XIRECS;9994.0;4
77900;;;ASH_COATED_OSMIUM;XIRECS;9997.0;6
78500;;;INTARIAN_PEPPER_ROOT;XIRECS;12567.0;5
83200;;;INTARIAN_PEPPER_ROOT;XIRECS;12555.0;7
84900;;;INTARIAN_PEPPER_ROOT;XIRECS;12550.0;6
85100;;;INTARIAN_PEPPER_ROOT;XIRECS;12547.0;6
87000;;;INTARIAN_PEPPER_ROOT;XIRECS;12539.0;5
88500;;;INTARIAN_PEPPER_ROOT;XIRECS;12529.0;4
95900;;;INTARIAN_PEPPER_ROOT;XIRECS;12481.0;7
96800;;;ASH_COATED_OSMIUM;XIRECS;10006.0;4
98100;;;INTARIAN_PEPPER_ROOT;XIRECS;12464.0;5
99800;;;INTARIAN_PEPPER_ROOT;XIRECS;12467.0;5
101000;;;INTARIAN_PEPPER_ROOT;XIRECS;12461.0;3
102600;;;ASH_COATED_OSMIUM;XIRECS;9993.0;5
104200;;;INTARIAN_PEPPER_ROOT;XIRECS;12429.0;5
106800;;;INTARIAN_PEPPER_ROOT;XIRECS;12418.0;6
107500;;;ASH_COATED_OSMIUM;XIRECS;10009.0;2
107900;;;INTARIAN_PEPPER_ROOT;XIRECS;12408.0;3
110000;;;ASH_COATED_OSMIUM;XIRECS;10001.0;10
111000;;;ASH_COATED_OSMIUM;XIRECS;9993.0;5
114400;;;INTARIAN_PEPPER_ROOT;XIRECS;12376.0;6
114600;;;ASH_COATED_OSMIUM;XIRECS;10009.0;4
115900;;;ASH_COATED_OSMIUM;XIRECS;9991.0;3
118400;;;ASH_COATED_OSMIUM;XIRECS;10011.0;5
119600;;;ASH_COATED_OSMIUM;XIRECS;9992.0;4
120000;;;INTARIAN_PEPPER_ROOT;XIRECS;12358.0;3
120200;;;INTARIAN_PEPPER_ROOT;XIRECS;12345.0;7
121900;;;INTARIAN_PEPPER_ROOT;XIRECS;12334.0;6
122000;;;INTARIAN_PEPPER_ROOT;XIRECS;12333.0;5
125600;;;ASH_COATED_OSMIUM;XIRECS;10010.0;6
125700;;;ASH_COATED_OSMIUM;XIRECS;10009.0;4
126700;;;INTARIAN_PEPPER_ROOT;XIRECS;12309.0;4
126900;;;INTARIAN_PEPPER_ROOT;XIRECS;12322.0;7
129400;;;INTARIAN_PEPPER_ROOT;XIRECS;12310.0;4
130000;;;ASH_COATED_OSMIUM;XIRECS;10009.0;9
130600;;;INTARIAN_PEPPER_ROOT;XIRECS;12301.0;3
130900;;;INTARIAN_PEPPER_ROOT;XIRECS;12287.0;5
131000;;;INTARIAN_PEPPER_ROOT;XIRECS;12299.0;6
131400;;;INTARIAN_PEPPER_ROOT;XIRECS;12283.0;3
133100;;;ASH_COATED_OSMIUM;XIRECS;9993.0;3
136300;;;ASH_COATED_OSMIUM;XIRECS;9994.0;6
136400;;;INTARIAN_PEPPER_ROOT;XIRECS;12271.0;6
138100;;;INTARIAN_PEPPER_ROOT;XIRECS;12262.0;3
139400;;;ASH_COATED_OSMIUM;XIRECS;9993.0;4
141200;;;ASH_COATED_OSMIUM;XIRECS;10001.0;7
145100;;;ASH_COATED_OSMIUM;XIRECS;10008.0;2
145200;;;ASH_COATED_OSMIUM;XIRECS;9991.0;4
147200;;;INTARIAN_PEPPER_ROOT;XIRECS;12199.0;7
150700;;;ASH_COATED_OSMIUM;XIRECS;9992.0;10
151300;;;ASH_COATED_OSMIUM;XIRECS;10008.0;10
152700;;;ASH_COATED_OSMIUM;XIRECS;10010.0;4
152900;;;ASH_COATED_OSMIUM;XIRECS;10001.0;3
156000;;;INTARIAN_PEPPER_ROOT;XIRECS;12151.0;4
157900;;;ASH_COATED_OSMIUM;XIRECS;10009.0;8
160200;;;ASH_COATED_OSMIUM;XIRECS;9991.0;3
162700;;;INTARIAN_PEPPER_ROOT;XIRECS;12127.0;7
164200;;;ASH_COATED_OSMIUM;XIRECS;9991.0;3
164300;;;INTARIAN_PEPPER_ROOT;XIRECS;12106.0;4
164900;;;INTARIAN_PEPPER_ROOT;XIRECS;12103.0;7
165000;;;INTARIAN_PEPPER_ROOT;XIRECS;12100.0;7
168800;;;INTARIAN_PEPPER_ROOT;XIRECS;12081.0;8
169400;;;ASH_COATED_OSMIUM;XIRECS;10011.0;9
170000;;;ASH_COATED_OSMIUM;XIRECS;9991.0;3
170800;;;ASH_COATED_OSMIUM;XIRECS;9999.0;6
170900;;;INTARIAN_PEPPER_ROOT;XIRECS;12082.0;7
171100;;;ASH_COATED_OSMIUM;XIRECS;10009.0;3
173200;;;INTARIAN_PEPPER_ROOT;XIRECS;12071.0;3
177700;;;ASH_COATED_OSMIUM;XIRECS;10010.0;6
184500;;;ASH_COATED_OSMIUM;XIRECS;10000.0;6
185800;;;ASH_COATED_OSMIUM;XIRECS;10000.0;6
188200;;;ASH_COATED_OSMIUM;XIRECS;9993.0;5
188300;;;INTARIAN_PEPPER_ROOT;XIRECS;11976.0;4
189100;;;INTARIAN_PEPPER_ROOT;XIRECS;11980.0;3
189100;;;ASH_COATED_OSMIUM;XIRECS;10004.0;4
189200;;;INTARIAN_PEPPER_ROOT;XIRECS;11971.0;4
189600;;;ASH_COATED_OSMIUM;XIRECS;10009.0;6
191200;;;INTARIAN_PEPPER_ROOT;XIRECS;11960.0;3
194800;;;ASH_COATED_OSMIUM;XIRECS;10009.0;5
195400;;;INTARIAN_PEPPER_ROOT;XIRECS;11942.0;7
199300;;;ASH_COATED_OSMIUM;XIRECS;9990.0;5
199900;;;ASH_COATED_OSMIUM;XIRECS;9991.0;4
201600;;;INTARIAN_PEPPER_ROOT;XIRECS;11916.0;7
202200;;;INTARIAN_PEPPER_ROOT;XIRECS;11915.0;7
203300;;;ASH_COATED_OSMIUM;XIRECS;10008.0;7
203400;;;INTARIAN_PEPPER_ROOT;XIRECS;11907.0;4
204200;;;INTARIAN_PEPPER_ROOT;XIRECS;11901.0;3
205300;;;ASH_COATED_OSMIUM;XIRECS;10003.0;10
209500;;;ASH_COATED_OSMIUM;XIRECS;10005.0;2
211500;;;INTARIAN_PEPPER_ROOT;XIRECS;11862.0;5
213300;;;INTARIAN_PEPPER_ROOT;XIRECS;11854.0;7
213800;;;INTARIAN_PEPPER_ROOT;XIRECS;11849.0;4
213800;;;ASH_COATED_OSMIUM;XIRECS;10002.0;5
214400;;;ASH_COATED_OSMIUM;XIRECS;9994.0;10
215800;;;INTARIAN_PEPPER_ROOT;XIRECS;11839.0;8
217300;;;INTARIAN_PEPPER_ROOT;XIRECS;11831.0;5
219200;;;ASH_COATED_OSMIUM;XIRECS;9992.0;2
219500;;;ASH_COATED_OSMIUM;XIRECS;10009.0;5
220100;;;ASH_COATED_OSMIUM;XIRECS;10010.0;6
221000;;;ASH_COATED_OSMIUM;XIRECS;9993.0;5
221200;;;ASH_COATED_OSMIUM;XIRECS;10009.0;3
221700;;;ASH_COATED_OSMIUM;XIRECS;10000.0;8
222300;;;INTARIAN_PEPPER_ROOT;XIRECS;11802.0;8
222400;;;INTARIAN_PEPPER_ROOT;XIRECS;11791.0;3
222500;;;INTARIAN_PEPPER_ROOT;XIRECS;11790.0;3
222500;;;ASH_COATED_OSMIUM;XIRECS;10000.0;2
223000;;;INTARIAN_PEPPER_ROOT;XIRECS;11801.0;7
223900;;;INTARIAN_PEPPER_ROOT;XIRECS;11795.0;7
224000;;;ASH_COATED_OSMIUM;XIRECS;9993.0;5
228100;;;INTARIAN_PEPPER_ROOT;XIRECS;11760.0;4
229800;;;INTARIAN_PEPPER_ROOT;XIRECS;11765.0;7
229800;;;ASH_COATED_OSMIUM;XIRECS;10008.0;7
231100;;;INTARIAN_PEPPER_ROOT;XIRECS;11743.0;4
231900;;;INTARIAN_PEPPER_ROOT;XIRECS;11738.0;5
231900;;;INTARIAN_PEPPER_ROOT;XIRECS;11752.0;5
232200;;;ASH_COATED_OSMIUM;XIRECS;10009.0;3
232800;;;ASH_COATED_OSMIUM;XIRECS;10001.0;2
233700;;;ASH_COATED_OSMIUM;XIRECS;10008.0;6
235000;;;INTARIAN_PEPPER_ROOT;XIRECS;11723.0;3
235900;;;ASH_COATED_OSMIUM;XIRECS;9991.0;2
237400;;;ASH_COATED_OSMIUM;XIRECS;10004.0;2
238100;;;ASH_COATED_OSMIUM;XIRECS;9992.0;5
238900;;;ASH_COATED_OSMIUM;XIRECS;10000.0;6
239800;;;ASH_COATED_OSMIUM;XIRECS;10002.0;6
244300;;;ASH_COATED_OSMIUM;XIRECS;10011.0;4
244500;;;INTARIAN_PEPPER_ROOT;XIRECS;11672.0;3
245300;;;INTARIAN_PEPPER_ROOT;XIRECS;11679.0;3
245800;;;ASH_COATED_OSMIUM;XIRECS;9993.0;3
246900;;;ASH_COATED_OSMIUM;XIRECS;10010.0;5
249100;;;INTARIAN_PEPPER_ROOT;XIRECS;11659.0;6
249500;;;INTARIAN_PEPPER_ROOT;XIRECS;11657.0;7
251600;;;INTARIAN_PEPPER_ROOT;XIRECS;11633.0;6
252000;;;INTARIAN_PEPPER_ROOT;XIRECS;11631.0;7
255600;;;ASH_COATED_OSMIUM;XIRECS;10001.0;3
258000;;;INTARIAN_PEPPER_ROOT;XIRECS;11610.0;6
258100;;;ASH_COATED_OSMIUM;XIRECS;10006.0;2
259400;;;ASH_COATED_OSMIUM;XIRECS;10008.0;7
261100;;;INTARIAN_PEPPER_ROOT;XIRECS;11580.0;6
261400;;;ASH_COATED_OSMIUM;XIRECS;9991.0;7
262300;;;INTARIAN_PEPPER_ROOT;XIRECS;11588.0;3
263600;;;INTARIAN_PEPPER_ROOT;XIRECS;11581.0;6
266600;;;INTARIAN_PEPPER_ROOT;XIRECS;11564.0;5
271500;;;ASH_COATED_OSMIUM;XIRECS;10001.0;9
275500;;;ASH_COATED_OSMIUM;XIRECS;9992.0;3
275900;;;ASH_COATED_OSMIUM;XIRECS;10001.0;2
276000;;;ASH_COATED_OSMIUM;XIRECS;9992.0;3
276800;;;INTARIAN_PEPPER_ROOT;XIRECS;11508.0;5
279800;;;ASH_COATED_OSMIUM;XIRECS;9992.0;7
283300;;;ASH_COATED_OSMIUM;XIRECS;10009.0;8
286300;;;ASH_COATED_OSMIUM;XIRECS;10009.0;9
287000;;;ASH_COATED_OSMIUM;XIRECS;10007.0;4
287700;;;INTARIAN_PEPPER_ROOT;XIRECS;11450.0;6
289100;;;INTARIAN_PEPPER_ROOT;XIRECS;11430.0;5
290100;;;INTARIAN_PEPPER_ROOT;XIRECS;11437.0;4
290300;;;INTARIAN_PEPPER_ROOT;XIRECS;11436.0;4
291000;;;INTARIAN_PEPPER_ROOT;XIRECS;11420.0;4
291600;;;ASH_COATED_OSMIUM;XIRECS;10008.0;2
291800;;;ASH_COATED_OSMIUM;XIRECS;9992.0;5
292500;;;ASH_COATED_OSMIUM;XIRECS;9993.0;2
296600;;;INTARIAN_PEPPER_ROOT;XIRECS;11387.0;4
297900;;;INTARIAN_PEPPER_ROOT;XIRECS;11380.0;7
298900;;;ASH_COATED_OSMIUM;XIRECS;10001.0;2
299200;;;ASH_COATED_OSMIUM;XIRECS;9992.0;4
299900;;;INTARIAN_PEPPER_ROOT;XIRECS;11386.0;7
300400;;;INTARIAN_PEPPER_ROOT;XIRECS;11382.0;7
302400;;;INTARIAN_PEPPER_ROOT;XIRECS;11355.0;3
302900;;;ASH_COATED_OSMIUM;XIRECS;10009.0;4
305400;;;ASH_COATED_OSMIUM;XIRECS;10010.0;4
305600;;;INTARIAN_PEPPER_ROOT;XIRECS;11340.0;6
307200;;;INTARIAN_PEPPER_ROOT;XIRECS;11344.0;7
307300;;;ASH_COATED_OSMIUM;XIRECS;10001.0;6
307500;;;ASH_COATED_OSMIUM;XIRECS;10007.0;5
311100;;;INTARIAN_PEPPER_ROOT;XIRECS;11324.0;7
311200;;;ASH_COATED_OSMIUM;XIRECS;10002.0;6
312500;;;INTARIAN_PEPPER_ROOT;XIRECS;11316.0;4
312900;;;ASH_COATED_OSMIUM;XIRECS;10008.0;6
314200;;;ASH_COATED_OSMIUM;XIRECS;10009.0;2
314500;;;INTARIAN_PEPPER_ROOT;XIRECS;11307.0;5
317200;;;INTARIAN_PEPPER_ROOT;XIRECS;11277.0;4
319900;;;ASH_COATED_OSMIUM;XIRECS;9991.0;7
322700;;;INTARIAN_PEPPER_ROOT;XIRECS;11247.0;6
324800;;;ASH_COATED_OSMIUM;XIRECS;10010.0;4
327700;;;ASH_COATED_OSMIUM;XIRECS;9991.0;6
328000;;;ASH_COATED_OSMIUM;XIRECS;10011.0;4
328800;;;INTARIAN_PEPPER_ROOT;XIRECS;11214.0;7
329300;;;ASH_COATED_OSMIUM;XIRECS;9991.0;2
331400;;;INTARIAN_PEPPER_ROOT;XIRECS;11206.0;3
331600;;;INTARIAN_PEPPER_ROOT;XIRECS;11199.0;4
331700;;;ASH_COATED_OSMIUM;XIRECS;10008.0;5
333800;;;INTARIAN_PEPPER_ROOT;XIRECS;11201.0;5
335500;;;ASH_COATED_OSMIUM;XIRECS;10008.0;8
335700;;;ASH_COATED_OSMIUM;XIRECS;10009.0;2
338600;;;INTARIAN_PEPPER_ROOT;XIRECS;11174.0;4
339800;;;INTARIAN_PEPPER_ROOT;XIRECS;11165.0;3
341400;;;ASH_COATED_OSMIUM;XIRECS;9993.0;4
341800;;;INTARIAN_PEPPER_ROOT;XIRECS;11156.0;3
343600;;;ASH_COATED_OSMIUM;XIRECS;10009.0;3
349300;;;INTARIAN_PEPPER_ROOT;XIRECS;11116.0;6
351400;;;INTARIAN_PEPPER_ROOT;XIRECS;11091.0;5
351400;;;ASH_COATED_OSMIUM;XIRECS;10010.0;6
352100;;;ASH_COATED_OSMIUM;XIRECS;9993.0;3
356600;;;INTARIAN_PEPPER_ROOT;XIRECS;11065.0;6
357400;;;ASH_COATED_OSMIUM;XIRECS;10001.0;5
359300;;;ASH_COATED_OSMIUM;XIRECS;10012.0;5
360000;;;ASH_COATED_OSMIUM;XIRECS;10000.0;4
360700;;;INTARIAN_PEPPER_ROOT;XIRECS;11042.0;4
361400;;;INTARIAN_PEPPER_ROOT;XIRECS;11038.0;5
362300;;;ASH_COATED_OSMIUM;XIRECS;10001.0;6
363700;;;ASH_COATED_OSMIUM;XIRECS;9992.0;9
363800;;;ASH_COATED_OSMIUM;XIRECS;10010.0;5
363800;;;ASH_COATED_OSMIUM;XIRECS;9993.0;3
366000;;;INTARIAN_PEPPER_ROOT;XIRECS;11026.0;7
367500;;;ASH_COATED_OSMIUM;XIRECS;10008.0;9
367900;;;INTARIAN_PEPPER_ROOT;XIRECS;11015.0;7
367900;;;INTARIAN_PEPPER_ROOT;XIRECS;11003.0;7
368800;;;INTARIAN_PEPPER_ROOT;XIRECS;10998.0;5
369500;;;INTARIAN_PEPPER_ROOT;XIRECS;11006.0;7
370000;;;INTARIAN_PEPPER_ROOT;XIRECS;11004.0;3
370100;;;INTARIAN_PEPPER_ROOT;XIRECS;10990.0;8
370600;;;ASH_COATED_OSMIUM;XIRECS;10010.0;4
370800;;;INTARIAN_PEPPER_ROOT;XIRECS;10986.0;3
373400;;;INTARIAN_PEPPER_ROOT;XIRECS;10972.0;3
374700;;;INTARIAN_PEPPER_ROOT;XIRECS;10979.0;6
375400;;;INTARIAN_PEPPER_ROOT;XIRECS;10975.0;5
376300;;;INTARIAN_PEPPER_ROOT;XIRECS;10969.0;4
383000;;;INTARIAN_PEPPER_ROOT;XIRECS;10954.0;7
384000;;;INTARIAN_PEPPER_ROOT;XIRECS;10959.0;6
385300;;;INTARIAN_PEPPER_ROOT;XIRECS;10965.0;3
385600;;;INTARIAN_PEPPER_ROOT;XIRECS;10978.0;5
387600;;;INTARIAN_PEPPER_ROOT;XIRECS;10986.0;7
388300;;;ASH_COATED_OSMIUM;XIRECS;9991.0;4
388600;;;INTARIAN_PEPPER_ROOT;XIRECS;10978.0;7
389100;;;ASH_COATED_OSMIUM;XIRECS;10008.0;4
390600;;;ASH_COATED_OSMIUM;XIRECS;9993.0;5
394500;;;ASH_COATED_OSMIUM;XIRECS;10001.0;3
400700;;;ASH_COATED_OSMIUM;XIRECS;10000.0;10
401000;;;INTARIAN_PEPPER_ROOT;XIRECS;11044.0;3
401700;;;ASH_COATED_OSMIUM;XIRECS;10009.0;5
403200;;;ASH_COATED_OSMIUM;XIRECS;10008.0;3
404700;;;INTARIAN_PEPPER_ROOT;XIRECS;11047.0;3
406000;;;INTARIAN_PEPPER_ROOT;XIRECS;11054.0;4
406000;;;INTARIAN_PEPPER_ROOT;XIRECS;11054.0;5
406900;;;ASH_COATED_OSMIUM;XIRECS;10010.0;6
407000;;;INTARIAN_PEPPER_ROOT;XIRECS;11072.0;3
409200;;;INTARIAN_PEPPER_ROOT;XIRECS;11081.0;8
409500;;;INTARIAN_PEPPER_ROOT;XIRECS;11067.0;5
409700;;;ASH_COATED_OSMIUM;XIRECS;10000.0;10
410000;;;ASH_COATED_OSMIUM;XIRECS;9992.0;5
413500;;;INTARIAN_PEPPER_ROOT;XIRECS;11085.0;6
416300;;;ASH_COATED_OSMIUM;XIRECS;9991.0;8
416700;;;ASH_COATED_OSMIUM;XIRECS;10001.0;5
418600;;;ASH_COATED_OSMIUM;XIRECS;10002.0;4
418800;;;INTARIAN_PEPPER_ROOT;XIRECS;11122.0;5
421400;;;INTARIAN_PEPPER_ROOT;XIRECS;11133.0;6
423800;;;ASH_COATED_OSMIUM;XIRECS;10003.0;6
427600;;;INTARIAN_PEPPER_ROOT;XIRECS;11145.0;5
429700;;;INTARIAN_PEPPER_ROOT;XIRECS;11155.0;6
430200;;;ASH_COATED_OSMIUM;XIRECS;10001.0;3
431500;;;ASH_COATED_OSMIUM;XIRECS;10009.0;4
433700;;;ASH_COATED_OSMIUM;XIRECS;10000.0;6
433800;;;ASH_COATED_OSMIUM;XIRECS;9998.0;7
434700;;;INTARIAN_PEPPER_ROOT;XIRECS;11193.0;6
434900;;;INTARIAN_PEPPER_ROOT;XIRECS;11190.0;4
436600;;;ASH_COATED_OSMIUM;XIRECS;9991.0;3
437400;;;ASH_COATED_OSMIUM;XIRECS;10008.0;9
438000;;;INTARIAN_PEPPER_ROOT;XIRECS;11192.0;4
438800;;;INTARIAN_PEPPER_ROOT;XIRECS;11195.0;5
442700;;;ASH_COATED_OSMIUM;XIRECS;10010.0;4
442700;;;ASH_COATED_OSMIUM;XIRECS;10010.0;5
443000;;;ASH_COATED_OSMIUM;XIRECS;10010.0;8
443100;;;INTARIAN_PEPPER_ROOT;XIRECS;11215.0;7
444000;;;INTARIAN_PEPPER_ROOT;XIRECS;11231.0;5
444700;;;INTARIAN_PEPPER_ROOT;XIRECS;11229.0;7
445600;;;ASH_COATED_OSMIUM;XIRECS;9991.0;5
445900;;;INTARIAN_PEPPER_ROOT;XIRECS;11227.0;8
448700;;;ASH_COATED_OSMIUM;XIRECS;10000.0;3
449200;;;INTARIAN_PEPPER_ROOT;XIRECS;11253.0;4
451200;;;ASH_COATED_OSMIUM;XIRECS;10008.0;9
451600;;;INTARIAN_PEPPER_ROOT;XIRECS;11251.0;4
455300;;;ASH_COATED_OSMIUM;XIRECS;10009.0;7
455800;;;ASH_COATED_OSMIUM;XIRECS;10000.0;2
457900;;;ASH_COATED_OSMIUM;XIRECS;9996.0;6
458700;;;ASH_COATED_OSMIUM;XIRECS;10009.0;5
459100;;;ASH_COATED_OSMIUM;XIRECS;10000.0;4
459800;;;INTARIAN_PEPPER_ROOT;XIRECS;11288.0;4
461600;;;INTARIAN_PEPPER_ROOT;XIRECS;11307.0;5
462500;;;INTARIAN_PEPPER_ROOT;XIRECS;11298.0;7
464500;;;ASH_COATED_OSMIUM;XIRECS;10010.0;4
465700;;;ASH_COATED_OSMIUM;XIRECS;9993.0;3
469100;;;ASH_COATED_OSMIUM;XIRECS;9991.0;4
470800;;;INTARIAN_PEPPER_ROOT;XIRECS;11348.0;3
473400;;;ASH_COATED_OSMIUM;XIRECS;9997.0;5
473500;;;INTARIAN_PEPPER_ROOT;XIRECS;11347.0;6
474500;;;INTARIAN_PEPPER_ROOT;XIRECS;11362.0;4
475000;;;INTARIAN_PEPPER_ROOT;XIRECS;11365.0;4
476200;;;ASH_COATED_OSMIUM;XIRECS;9991.0;6
476600;;;ASH_COATED_OSMIUM;XIRECS;9992.0;3
480200;;;INTARIAN_PEPPER_ROOT;XIRECS;11375.0;8
480400;;;ASH_COATED_OSMIUM;XIRECS;10006.0;5
481300;;;INTARIAN_PEPPER_ROOT;XIRECS;11393.0;7
482000;;;ASH_COATED_OSMIUM;XIRECS;9992.0;4
483200;;;ASH_COATED_OSMIUM;XIRECS;9989.0;4
484200;;;INTARIAN_PEPPER_ROOT;XIRECS;11392.0;5
484300;;;ASH_COATED_OSMIUM;XIRECS;10006.0;4
484600;;;ASH_COATED_OSMIUM;XIRECS;9991.0;6
486500;;;ASH_COATED_OSMIUM;XIRECS;10010.0;2
487000;;;INTARIAN_PEPPER_ROOT;XIRECS;11419.0;4
487100;;;ASH_COATED_OSMIUM;XIRECS;10009.0;6
490000;;;INTARIAN_PEPPER_ROOT;XIRECS;11417.0;5
490300;;;ASH_COATED_OSMIUM;XIRECS;10009.0;10
490700;;;INTARIAN_PEPPER_ROOT;XIRECS;11420.0;6
490900;;;INTARIAN_PEPPER_ROOT;XIRECS;11429.0;7
490900;;;INTARIAN_PEPPER_ROOT;XIRECS;11421.0;5
491700;;;ASH_COATED_OSMIUM;XIRECS;9999.0;7
494200;;;ASH_COATED_OSMIUM;XIRECS;10010.0;10
497600;;;ASH_COATED_OSMIUM;XIRECS;9999.0;6
497800;;;ASH_COATED_OSMIUM;XIRECS;10007.0;6
501700;;;ASH_COATED_OSMIUM;XIRECS;9999.0;5
501900;;;ASH_COATED_OSMIUM;XIRECS;9999.0;3
502100;;;ASH_COATED_OSMIUM;XIRECS;9990.0;10
503500;;;ASH_COATED_OSMIUM;XIRECS;10009.0;10
503600;;;INTARIAN_PEPPER_ROOT;XIRECS;11476.0;3
503600;;;ASH_COATED_OSMIUM;XIRECS;10008.0;8
504000;;;INTARIAN_PEPPER_ROOT;XIRECS;11493.0;6
505800;;;ASH_COATED_OSMIUM;XIRECS;10009.0;5
509100;;;ASH_COATED_OSMIUM;XIRECS;10001.0;5
509100;;;ASH_COATED_OSMIUM;XIRECS;10001.0;5
510100;;;INTARIAN_PEPPER_ROOT;XIRECS;11503.0;4
510300;;;INTARIAN_PEPPER_ROOT;XIRECS;11505.0;7
510400;;;INTARIAN_PEPPER_ROOT;XIRECS;11505.0;5
514600;;;INTARIAN_PEPPER_ROOT;XIRECS;11529.0;6
515000;;;INTARIAN_PEPPER_ROOT;XIRECS;11523.0;4
515200;;;ASH_COATED_OSMIUM;XIRECS;10011.0;3
517600;;;ASH_COATED_OSMIUM;XIRECS;10009.0;4
521300;;;ASH_COATED_OSMIUM;XIRECS;9992.0;6
523100;;;INTARIAN_PEPPER_ROOT;XIRECS;11576.0;6
526200;;;INTARIAN_PEPPER_ROOT;XIRECS;11587.0;5
527200;;;INTARIAN_PEPPER_ROOT;XIRECS;11592.0;5
527700;;;INTARIAN_PEPPER_ROOT;XIRECS;11582.0;7
532400;;;ASH_COATED_OSMIUM;XIRECS;9991.0;9
533300;;;INTARIAN_PEPPER_ROOT;XIRECS;11620.0;4
533300;;;INTARIAN_PEPPER_ROOT;XIRECS;11605.0;4
539700;;;ASH_COATED_OSMIUM;XIRECS;10008.0;5
539900;;;ASH_COATED_OSMIUM;XIRECS;10009.0;8
541600;;;INTARIAN_PEPPER_ROOT;XIRECS;11640.0;3
544800;;;INTARIAN_PEPPER_ROOT;XIRECS;11656.0;8
546500;;;INTARIAN_PEPPER_ROOT;XIRECS;11662.0;6
547400;;;ASH_COATED_OSMIUM;XIRECS;10010.0;3
548200;;;INTARIAN_PEPPER_ROOT;XIRECS;11669.0;6
550900;;;ASH_COATED_OSMIUM;XIRECS;9992.0;6
555200;;;INTARIAN_PEPPER_ROOT;XIRECS;11701.0;4
558200;;;INTARIAN_PEPPER_ROOT;XIRECS;11727.0;3
558800;;;INTARIAN_PEPPER_ROOT;XIRECS;11716.0;5
559000;;;INTARIAN_PEPPER_ROOT;XIRECS;11729.0;4
559200;;;INTARIAN_PEPPER_ROOT;XIRECS;11730.0;7
559300;;;ASH_COATED_OSMIUM;XIRECS;9994.0;3
560200;;;ASH_COATED_OSMIUM;XIRECS;10009.0;6
563300;;;ASH_COATED_OSMIUM;XIRECS;10001.0;5
565500;;;ASH_COATED_OSMIUM;XIRECS;10008.0;4
567200;;;INTARIAN_PEPPER_ROOT;XIRECS;11765.0;4
568500;;;ASH_COATED_OSMIUM;XIRECS;10009.0;5
573500;;;ASH_COATED_OSMIUM;XIRECS;9990.0;4
574200;;;INTARIAN_PEPPER_ROOT;XIRECS;11784.0;6
575500;;;INTARIAN_PEPPER_ROOT;XIRECS;11788.0;6
577100;;;ASH_COATED_OSMIUM;XIRECS;10001.0;3
577500;;;INTARIAN_PEPPER_ROOT;XIRECS;11797.0;6
577600;;;INTARIAN_PEPPER_ROOT;XIRECS;11797.0;7
578600;;;ASH_COATED_OSMIUM;XIRECS;9993.0;4
578700;;;ASH_COATED_OSMIUM;XIRECS;9993.0;5
583200;;;ASH_COATED_OSMIUM;XIRECS;9992.0;5
583600;;;ASH_COATED_OSMIUM;XIRECS;9992.0;9
584700;;;INTARIAN_PEPPER_ROOT;XIRECS;11829.0;5
584900;;;INTARIAN_PEPPER_ROOT;XIRECS;11843.0;4
585300;;;ASH_COATED_OSMIUM;XIRECS;10000.0;6
585600;;;ASH_COATED_OSMIUM;XIRECS;9998.0;6
586000;;;ASH_COATED_OSMIUM;XIRECS;9991.0;3
588600;;;ASH_COATED_OSMIUM;XIRECS;10002.0;9
591000;;;ASH_COATED_OSMIUM;XIRECS;10001.0;3
592000;;;ASH_COATED_OSMIUM;XIRECS;9993.0;10
600000;;;ASH_COATED_OSMIUM;XIRECS;10009.0;6
601200;;;ASH_COATED_OSMIUM;XIRECS;10003.0;5
601700;;;ASH_COATED_OSMIUM;XIRECS;9992.0;3
602100;;;ASH_COATED_OSMIUM;XIRECS;9990.0;4
603200;;;INTARIAN_PEPPER_ROOT;XIRECS;11916.0;5
603400;;;INTARIAN_PEPPER_ROOT;XIRECS;11923.0;5
606500;;;ASH_COATED_OSMIUM;XIRECS;10000.0;5
606700;;;INTARIAN_PEPPER_ROOT;XIRECS;11924.0;4
607900;;;ASH_COATED_OSMIUM;XIRECS;10009.0;8
608900;;;INTARIAN_PEPPER_ROOT;XIRECS;11948.0;7
610400;;;INTARIAN_PEPPER_ROOT;XIRECS;11938.0;3
612800;;;INTARIAN_PEPPER_ROOT;XIRECS;11949.0;4
615000;;;INTARIAN_PEPPER_ROOT;XIRECS;11968.0;7
619000;;;INTARIAN_PEPPER_ROOT;XIRECS;11977.0;5
621600;;;ASH_COATED_OSMIUM;XIRECS;9989.0;6
622400;;;INTARIAN_PEPPER_ROOT;XIRECS;12005.0;6
622600;;;INTARIAN_PEPPER_ROOT;XIRECS;12006.0;6
624000;;;ASH_COATED_OSMIUM;XIRECS;10001.0;2
624400;;;INTARIAN_PEPPER_ROOT;XIRECS;12014.0;3
626900;;;INTARIAN_PEPPER_ROOT;XIRECS;12010.0;4
628500;;;INTARIAN_PEPPER_ROOT;XIRECS;12034.0;7
629000;;;INTARIAN_PEPPER_ROOT;XIRECS;12020.0;4
629600;;;INTARIAN_PEPPER_ROOT;XIRECS;12037.0;3
631400;;;INTARIAN_PEPPER_ROOT;XIRECS;12044.0;5
640600;;;ASH_COATED_OSMIUM;XIRECS;9990.0;10
640700;;;INTARIAN_PEPPER_ROOT;XIRECS;12085.0;7
640900;;;ASH_COATED_OSMIUM;XIRECS;9999.0;7
641600;;;INTARIAN_PEPPER_ROOT;XIRECS;12087.0;5
643500;;;INTARIAN_PEPPER_ROOT;XIRECS;12083.0;6
644000;;;ASH_COATED_OSMIUM;XIRECS;10003.0;3
648500;;;ASH_COATED_OSMIUM;XIRECS;10000.0;3
651400;;;ASH_COATED_OSMIUM;XIRECS;9991.0;10
652000;;;ASH_COATED_OSMIUM;XIRECS;9998.0;4
653200;;;INTARIAN_PEPPER_ROOT;XIRECS;12125.0;6
653700;;;INTARIAN_PEPPER_ROOT;XIRECS;12140.0;5
654300;;;INTARIAN_PEPPER_ROOT;XIRECS;12142.0;3
654400;;;ASH_COATED_OSMIUM;XIRECS;10008.0;5
655900;;;ASH_COATED_OSMIUM;XIRECS;10012.0;4
656200;;;ASH_COATED_OSMIUM;XIRECS;9994.0;5
659200;;;INTARIAN_PEPPER_ROOT;XIRECS;12163.0;3
659900;;;INTARIAN_PEPPER_ROOT;XIRECS;12152.0;6
660300;;;INTARIAN_PEPPER_ROOT;XIRECS;12168.0;4
662900;;;INTARIAN_PEPPER_ROOT;XIRECS;12167.0;5
663200;;;INTARIAN_PEPPER_ROOT;XIRECS;12181.0;6
664200;;;ASH_COATED_OSMIUM;XIRECS;10008.0;4
664500;;;INTARIAN_PEPPER_ROOT;XIRECS;12188.0;4
665000;;;ASH_COATED_OSMIUM;XIRECS;9993.0;8
666800;;;ASH_COATED_OSMIUM;XIRECS;9992.0;4
666900;;;INTARIAN_PEPPER_ROOT;XIRECS;12197.0;4
667500;;;ASH_COATED_OSMIUM;XIRECS;10009.0;3
667700;;;ASH_COATED_OSMIUM;XIRECS;10011.0;9
669100;;;ASH_COATED_OSMIUM;XIRECS;10008.0;6
671400;;;INTARIAN_PEPPER_ROOT;XIRECS;12204.0;6
672200;;;INTARIAN_PEPPER_ROOT;XIRECS;12220.0;5
672200;;;ASH_COATED_OSMIUM;XIRECS;10001.0;6
674500;;;ASH_COATED_OSMIUM;XIRECS;9992.0;2
675000;;;ASH_COATED_OSMIUM;XIRECS;10007.0;3
676300;;;ASH_COATED_OSMIUM;XIRECS;10007.0;5
676700;;;ASH_COATED_OSMIUM;XIRECS;9988.0;3
679000;;;INTARIAN_PEPPER_ROOT;XIRECS;12249.0;3
679200;;;INTARIAN_PEPPER_ROOT;XIRECS;12250.0;5
682000;;;ASH_COATED_OSMIUM;XIRECS;10010.0;5
682300;;;ASH_COATED_OSMIUM;XIRECS;10001.0;4
683600;;;ASH_COATED_OSMIUM;XIRECS;10002.0;2
684000;;;INTARIAN_PEPPER_ROOT;XIRECS;12259.0;6
684200;;;INTARIAN_PEPPER_ROOT;XIRECS;12259.0;7
688400;;;ASH_COATED_OSMIUM;XIRECS;9992.0;6
688800;;;ASH_COATED_OSMIUM;XIRECS;9992.0;4
689200;;;ASH_COATED_OSMIUM;XIRECS;10000.0;6
691000;;;INTARIAN_PEPPER_ROOT;XIRECS;12303.0;8
691200;;;INTARIAN_PEPPER_ROOT;XIRECS;12302.0;7
692300;;;INTARIAN_PEPPER_ROOT;XIRECS;12309.0;3
695100;;;ASH_COATED_OSMIUM;XIRECS;10002.0;5
696000;;;ASH_COATED_OSMIUM;XIRECS;9992.0;5
698700;;;INTARIAN_PEPPER_ROOT;XIRECS;12320.0;8
700900;;;INTARIAN_PEPPER_ROOT;XIRECS;12345.0;5
702900;;;INTARIAN_PEPPER_ROOT;XIRECS;12353.0;4
703800;;;INTARIAN_PEPPER_ROOT;XIRECS;12344.0;6
704800;;;INTARIAN_PEPPER_ROOT;XIRECS;12363.0;5
705300;;;INTARIAN_PEPPER_ROOT;XIRECS;12351.0;4
709200;;;INTARIAN_PEPPER_ROOT;XIRECS;12368.0;5
709400;;;ASH_COATED_OSMIUM;XIRECS;10000.0;10
712400;;;INTARIAN_PEPPER_ROOT;XIRECS;12382.0;5
712600;;;ASH_COATED_OSMIUM;XIRECS;10009.0;2
714100;;;ASH_COATED_OSMIUM;XIRECS;9991.0;4
715900;;;ASH_COATED_OSMIUM;XIRECS;10001.0;3
717300;;;ASH_COATED_OSMIUM;XIRECS;10008.0;6
719000;;;INTARIAN_PEPPER_ROOT;XIRECS;12409.0;5
719300;;;ASH_COATED_OSMIUM;XIRECS;9991.0;4
721700;;;INTARIAN_PEPPER_ROOT;XIRECS;12420.0;7
722600;;;ASH_COATED_OSMIUM;XIRECS;9999.0;3
722700;;;INTARIAN_PEPPER_ROOT;XIRECS;12441.0;4
722700;;;INTARIAN_PEPPER_ROOT;XIRECS;12425.0;6
724000;;;ASH_COATED_OSMIUM;XIRECS;10009.0;4
725600;;;INTARIAN_PEPPER_ROOT;XIRECS;12451.0;3
725600;;;INTARIAN_PEPPER_ROOT;XIRECS;12441.0;4
727700;;;ASH_COATED_OSMIUM;XIRECS;9993.0;3
727900;;;INTARIAN_PEPPER_ROOT;XIRECS;12456.0;3
728000;;;INTARIAN_PEPPER_ROOT;XIRECS;12461.0;7
728300;;;INTARIAN_PEPPER_ROOT;XIRECS;12449.0;7
728300;;;ASH_COATED_OSMIUM;XIRECS;10008.0;6
729100;;;INTARIAN_PEPPER_ROOT;XIRECS;12467.0;5
730400;;;INTARIAN_PEPPER_ROOT;XIRECS;12459.0;5
732100;;;ASH_COATED_OSMIUM;XIRECS;10009.0;10
732900;;;ASH_COATED_OSMIUM;XIRECS;10008.0;10
733700;;;ASH_COATED_OSMIUM;XIRECS;10011.0;5
735900;;;INTARIAN_PEPPER_ROOT;XIRECS;12498.0;4
736300;;;ASH_COATED_OSMIUM;XIRECS;10012.0;8
737300;;;INTARIAN_PEPPER_ROOT;XIRECS;12489.0;4
737600;;;ASH_COATED_OSMIUM;XIRECS;10001.0;3
738500;;;INTARIAN_PEPPER_ROOT;XIRECS;12495.0;6
738800;;;INTARIAN_PEPPER_ROOT;XIRECS;12510.0;6
739200;;;INTARIAN_PEPPER_ROOT;XIRECS;12513.0;5
739200;;;ASH_COATED_OSMIUM;XIRECS;9999.0;2
740400;;;ASH_COATED_OSMIUM;XIRECS;9998.0;3
741400;;;INTARIAN_PEPPER_ROOT;XIRECS;12507.0;5
742200;;;INTARIAN_PEPPER_ROOT;XIRECS;12511.0;5
742500;;;ASH_COATED_OSMIUM;XIRECS;9990.0;5
742600;;;INTARIAN_PEPPER_ROOT;XIRECS;12511.0;3
745100;;;INTARIAN_PEPPER_ROOT;XIRECS;12537.0;3
746500;;;ASH_COATED_OSMIUM;XIRECS;9996.0;10
747200;;;INTARIAN_PEPPER_ROOT;XIRECS;12544.0;3
749400;;;ASH_COATED_OSMIUM;XIRECS;10012.0;4
750100;;;INTARIAN_PEPPER_ROOT;XIRECS;12559.0;4
753200;;;INTARIAN_PEPPER_ROOT;XIRECS;12574.0;7
754000;;;ASH_COATED_OSMIUM;XIRECS;9998.0;5
754400;;;INTARIAN_PEPPER_ROOT;XIRECS;12576.0;6
755800;;;INTARIAN_PEPPER_ROOT;XIRECS;12570.0;6
757200;;;ASH_COATED_OSMIUM;XIRECS;10011.0;3
758400;;;ASH_COATED_OSMIUM;XIRECS;10011.0;5
760500;;;INTARIAN_PEPPER_ROOT;XIRECS;12603.0;4
761400;;;ASH_COATED_OSMIUM;XIRECS;10009.0;6
763000;;;INTARIAN_PEPPER_ROOT;XIRECS;12602.0;5
767300;;;INTARIAN_PEPPER_ROOT;XIRECS;12627.0;3
767800;;;INTARIAN_PEPPER_ROOT;XIRECS;12637.0;2
771800;;;ASH_COATED_OSMIUM;XIRECS;9991.0;3
774000;;;ASH_COATED_OSMIUM;XIRECS;10002.0;6
775300;;;ASH_COATED_OSMIUM;XIRECS;10011.0;2
776100;;;ASH_COATED_OSMIUM;XIRECS;9991.0;7
779700;;;INTARIAN_PEPPER_ROOT;XIRECS;12687.0;3
780900;;;INTARIAN_PEPPER_ROOT;XIRECS;12678.0;5
781100;;;INTARIAN_PEPPER_ROOT;XIRECS;12692.0;7
781600;;;INTARIAN_PEPPER_ROOT;XIRECS;12696.0;8
782800;;;ASH_COATED_OSMIUM;XIRECS;10002.0;6
784900;;;ASH_COATED_OSMIUM;XIRECS;10001.0;3
787900;;;ASH_COATED_OSMIUM;XIRECS;10010.0;4
788100;;;INTARIAN_PEPPER_ROOT;XIRECS;12710.0;7
789700;;;ASH_COATED_OSMIUM;XIRECS;10003.0;6
790500;;;ASH_COATED_OSMIUM;XIRECS;10002.0;5
793700;;;INTARIAN_PEPPER_ROOT;XIRECS;12734.0;3
799600;;;ASH_COATED_OSMIUM;XIRECS;10009.0;2
800800;;;ASH_COATED_OSMIUM;XIRECS;9994.0;8
801800;;;ASH_COATED_OSMIUM;XIRECS;10003.0;7
803000;;;INTARIAN_PEPPER_ROOT;XIRECS;12775.0;6
804600;;;ASH_COATED_OSMIUM;XIRECS;9998.0;8
804700;;;INTARIAN_PEPPER_ROOT;XIRECS;12782.0;7
804800;;;ASH_COATED_OSMIUM;XIRECS;9993.0;6
805100;;;ASH_COATED_OSMIUM;XIRECS;9993.0;3
806400;;;INTARIAN_PEPPER_ROOT;XIRECS;12789.0;4
807100;;;ASH_COATED_OSMIUM;XIRECS;10002.0;3
809500;;;INTARIAN_PEPPER_ROOT;XIRECS;12815.0;4
811700;;;INTARIAN_PEPPER_ROOT;XIRECS;12816.0;6
818000;;;ASH_COATED_OSMIUM;XIRECS;10011.0;6
818800;;;INTARIAN_PEPPER_ROOT;XIRECS;12842.0;7
818800;;;ASH_COATED_OSMIUM;XIRECS;10001.0;3
819800;;;ASH_COATED_OSMIUM;XIRECS;10001.0;7
821300;;;ASH_COATED_OSMIUM;XIRECS;10001.0;8
823000;;;INTARIAN_PEPPER_ROOT;XIRECS;12861.0;5
826900;;;ASH_COATED_OSMIUM;XIRECS;9995.0;5
827500;;;INTARIAN_PEPPER_ROOT;XIRECS;12879.0;7
828800;;;INTARIAN_PEPPER_ROOT;XIRECS;12883.0;5
829100;;;ASH_COATED_OSMIUM;XIRECS;10001.0;10
831600;;;ASH_COATED_OSMIUM;XIRECS;9993.0;10
834800;;;INTARIAN_PEPPER_ROOT;XIRECS;12927.0;6
836900;;;INTARIAN_PEPPER_ROOT;XIRECS;12921.0;7
838600;;;ASH_COATED_OSMIUM;XIRECS;10007.0;2
838900;;;ASH_COATED_OSMIUM;XIRECS;9993.0;4
839600;;;INTARIAN_PEPPER_ROOT;XIRECS;12933.0;5
840900;;;ASH_COATED_OSMIUM;XIRECS;9992.0;4
842900;;;ASH_COATED_OSMIUM;XIRECS;9991.0;3
843100;;;ASH_COATED_OSMIUM;XIRECS;10001.0;6
844400;;;INTARIAN_PEPPER_ROOT;XIRECS;12954.0;5
847400;;;ASH_COATED_OSMIUM;XIRECS;10002.0;5
847900;;;ASH_COATED_OSMIUM;XIRECS;10009.0;4
848100;;;ASH_COATED_OSMIUM;XIRECS;10000.0;7
849400;;;ASH_COATED_OSMIUM;XIRECS;10002.0;5
849700;;;ASH_COATED_OSMIUM;XIRECS;9997.0;7
851200;;;INTARIAN_PEPPER_ROOT;XIRECS;12984.0;3
851500;;;ASH_COATED_OSMIUM;XIRECS;9992.0;9
852800;;;INTARIAN_PEPPER_ROOT;XIRECS;13002.0;7
854100;;;INTARIAN_PEPPER_ROOT;XIRECS;12995.0;5
855000;;;ASH_COATED_OSMIUM;XIRECS;9990.0;6
855200;;;ASH_COATED_OSMIUM;XIRECS;10007.0;5
858500;;;ASH_COATED_OSMIUM;XIRECS;9991.0;2
860300;;;ASH_COATED_OSMIUM;XIRECS;10007.0;2
861300;;;ASH_COATED_OSMIUM;XIRECS;10001.0;3
862400;;;ASH_COATED_OSMIUM;XIRECS;9992.0;5
862700;;;INTARIAN_PEPPER_ROOT;XIRECS;13032.0;5
862700;;;ASH_COATED_OSMIUM;XIRECS;10008.0;4
863700;;;INTARIAN_PEPPER_ROOT;XIRECS;13036.0;6
863800;;;ASH_COATED_OSMIUM;XIRECS;9989.0;4
866400;;;ASH_COATED_OSMIUM;XIRECS;10010.0;8
866800;;;ASH_COATED_OSMIUM;XIRECS;10009.0;9
870200;;;ASH_COATED_OSMIUM;XIRECS;9990.0;3
870800;;;INTARIAN_PEPPER_ROOT;XIRECS;13069.0;7
872700;;;ASH_COATED_OSMIUM;XIRECS;10008.0;10
872800;;;ASH_COATED_OSMIUM;XIRECS;9997.0;5
875100;;;ASH_COATED_OSMIUM;XIRECS;9994.0;4
881000;;;INTARIAN_PEPPER_ROOT;XIRECS;13126.0;6
882400;;;ASH_COATED_OSMIUM;XIRECS;10008.0;4
883500;;;INTARIAN_PEPPER_ROOT;XIRECS;13136.0;3
884700;;;ASH_COATED_OSMIUM;XIRECS;9999.0;7
887800;;;INTARIAN_PEPPER_ROOT;XIRECS;13156.0;3
887800;;;ASH_COATED_OSMIUM;XIRECS;10010.0;5
888600;;;ASH_COATED_OSMIUM;XIRECS;9992.0;5
891400;;;ASH_COATED_OSMIUM;XIRECS;10000.0;7
891700;;;INTARIAN_PEPPER_ROOT;XIRECS;13157.0;6
892500;;;ASH_COATED_OSMIUM;XIRECS;10000.0;4
894200;;;INTARIAN_PEPPER_ROOT;XIRECS;13168.0;3
894600;;;ASH_COATED_OSMIUM;XIRECS;10009.0;3
894700;;;ASH_COATED_OSMIUM;XIRECS;10001.0;6
898200;;;INTARIAN_PEPPER_ROOT;XIRECS;13199.0;5
899600;;;ASH_COATED_OSMIUM;XIRECS;10000.0;6
901700;;;ASH_COATED_OSMIUM;XIRECS;10004.0;10
902600;;;INTARIAN_PEPPER_ROOT;XIRECS;13206.0;6
902700;;;ASH_COATED_OSMIUM;XIRECS;9993.0;5
905700;;;ASH_COATED_OSMIUM;XIRECS;9993.0;3
907600;;;ASH_COATED_OSMIUM;XIRECS;10008.0;10
908300;;;ASH_COATED_OSMIUM;XIRECS;10008.0;4
913200;;;ASH_COATED_OSMIUM;XIRECS;10010.0;8
914600;;;ASH_COATED_OSMIUM;XIRECS;10002.0;9
914700;;;INTARIAN_PEPPER_ROOT;XIRECS;13274.0;3
915800;;;INTARIAN_PEPPER_ROOT;XIRECS;13278.0;6
919000;;;ASH_COATED_OSMIUM;XIRECS;10000.0;8
923200;;;INTARIAN_PEPPER_ROOT;XIRECS;13309.0;6
924700;;;INTARIAN_PEPPER_ROOT;XIRECS;13300.0;7
927500;;;INTARIAN_PEPPER_ROOT;XIRECS;13314.0;5
927800;;;INTARIAN_PEPPER_ROOT;XIRECS;13316.0;3
931100;;;INTARIAN_PEPPER_ROOT;XIRECS;13343.0;3
931400;;;ASH_COATED_OSMIUM;XIRECS;10001.0;4
932900;;;ASH_COATED_OSMIUM;XIRECS;9993.0;6
934000;;;ASH_COATED_OSMIUM;XIRECS;9999.0;3
934900;;;INTARIAN_PEPPER_ROOT;XIRECS;13360.0;6
937900;;;INTARIAN_PEPPER_ROOT;XIRECS;13359.0;6
938600;;;INTARIAN_PEPPER_ROOT;XIRECS;13375.0;6
938900;;;INTARIAN_PEPPER_ROOT;XIRECS;13363.0;5
939500;;;ASH_COATED_OSMIUM;XIRECS;10009.0;7
941800;;;INTARIAN_PEPPER_ROOT;XIRECS;13388.0;7
945200;;;ASH_COATED_OSMIUM;XIRECS;10010.0;3
945400;;;INTARIAN_PEPPER_ROOT;XIRECS;13391.0;5
946600;;;INTARIAN_PEPPER_ROOT;XIRECS;13395.0;6
947300;;;INTARIAN_PEPPER_ROOT;XIRECS;13412.0;8
948800;;;ASH_COATED_OSMIUM;XIRECS;9991.0;5
949300;;;INTARIAN_PEPPER_ROOT;XIRECS;13420.0;4
952400;;;ASH_COATED_OSMIUM;XIRECS;9991.0;4
953100;;;ASH_COATED_OSMIUM;XIRECS;9992.0;10
956200;;;INTARIAN_PEPPER_ROOT;XIRECS;13439.0;3
956300;;;ASH_COATED_OSMIUM;XIRECS;9996.0;7
959500;;;ASH_COATED_OSMIUM;XIRECS;10001.0;9
959700;;;INTARIAN_PEPPER_ROOT;XIRECS;13468.0;3
961200;;;ASH_COATED_OSMIUM;XIRECS;9999.0;7
964900;;;INTARIAN_PEPPER_ROOT;XIRECS;13474.0;4
965500;;;INTARIAN_PEPPER_ROOT;XIRECS;13479.0;7
966600;;;ASH_COATED_OSMIUM;XIRECS;10000.0;4
971000;;;INTARIAN_PEPPER_ROOT;XIRECS;13502.0;6
974200;;;ASH_COATED_OSMIUM;XIRECS;10010.0;6
977800;;;INTARIAN_PEPPER_ROOT;XIRECS;13545.0;3
978000;;;INTARIAN_PEPPER_ROOT;XIRECS;13548.0;3
978000;;;ASH_COATED_OSMIUM;XIRECS;10003.0;7
980000;;;INTARIAN_PEPPER_ROOT;XIRECS;13546.0;3
980200;;;INTARIAN_PEPPER_ROOT;XIRECS;13547.0;5
980600;;;ASH_COATED_OSMIUM;XIRECS;10000.0;8
982400;;;ASH_COATED_OSMIUM;XIRECS;9992.0;5
982500;;;INTARIAN_PEPPER_ROOT;XIRECS;13565.0;7
984400;;;ASH_COATED_OSMIUM;XIRECS;10006.0;2
985400;;;ASH_COATED_OSMIUM;XIRECS;9993.0;5
985500;;;INTARIAN_PEPPER_ROOT;XIRECS;13578.0;5
987400;;;INTARIAN_PEPPER_ROOT;XIRECS;13574.0;3
987900;;;ASH_COATED_OSMIUM;XIRECS;9999.0;3
988500;;;INTARIAN_PEPPER_ROOT;XIRECS;13575.0;7
990100;;;INTARIAN_PEPPER_ROOT;XIRECS;13593.0;7
991400;;;INTARIAN_PEPPER_ROOT;XIRECS;13604.0;3
993400;;;ASH_COATED_OSMIUM;XIRECS;10002.0;8
993500;;;INTARIAN_PEPPER_ROOT;XIRECS;13615.0;6
994800;;;ASH_COATED_OSMIUM;XIRECS;9992.0;8
995200;;;ASH_COATED_OSMIUM;XIRECS;10009.0;8
996100;;;INTARIAN_PEPPER_ROOT;XIRECS;13612.0;6
998400;;;ASH_COATED_OSMIUM;XIRECS;10008.0;10
999300;;;ASH_COATED_OSMIUM;XIRECS;10010.0;5