timestamp;buyer;seller;symbol;currency;price;quantity
900;;;ASH_COATED_OSMIUM;XIRECS;10009.0;3
1700;;;ASH_COATED_OSMIUM;XIRECS;10009.0;5
1900;;;ASH_COATED_OSMIUM;XIRECS;10007.0;6
3000;;;ASH_COATED_OSMIUM;XIRECS;10001.0;3
3200;;;INTARIAN_PEPPER_ROOT;XIRECS;13015.0;4
3900;;;INTARIAN_PEPPER_ROOT;XIRECS;13031.0;6
3900;;;ASH_COATED_OSMIUM;XIRECS;10008.0;5
5500;;;ASH_COATED_OSMIUM;XIRECS;9992.0;4
8000;;;ASH_COATED_OSMIUM;XIRECS;9999.0;6
8100;;;ASH_COATED_OSMIUM;XIRECS;9999.0;5
8600;;;INTARIAN_PEPPER_ROOT;XIRECS;13024.0;5
11700;;;INTARIAN_PEPPER_ROOT;XIRECS;13042.0;5
13300;;;INTARIAN_PEPPER_ROOT;XIRECS;13040.0;8
14600;;;ASH_COATED_OSMIUM;XIRECS;9992.0;6
15200;;;INTARIAN_PEPPER_ROOT;XIRECS;13029.0;3
16100;;;INTARIAN_PEPPER_ROOT;XIRECS;13046.0;6
18200;;;INTARIAN_PEPPER_ROOT;XIRECS;13032.0;7
19300;;;ASH_COATED_OSMIUM;XIRECS;10009.0;5
19400;;;INTARIAN_PEPPER_ROOT;XIRECS;13033.0;4
24900;;;ASH_COATED_OSMIUM;XIRECS;10000.0;3
26200;;;ASH_COATED_OSMIUM;XIRECS;10010.0;5
29700;;;INTARIAN_PEPPER_ROOT;XIRECS;13044.0;4
30100;;;ASH_COATED_OSMIUM;XIRECS;10007.0;2
32900;;;ASH_COATED_OSMIUM;XIRECS;9990.0;2
35200;;;ASH_COATED_OSMIUM;XIRECS;9999.0;10
35300;;;INTARIAN_PEPPER_ROOT;XIRECS;13051.0;3
36200;;;ASH_COATED_OSMIUM;XIRECS;9991.0;5
39500;;;ASH_COATED_OSMIUM;XIRECS;9999.0;5
41500;;;ASH_COATED_OSMIUM;XIRECS;10008.0;5
42000;;;INTARIAN_PEPPER_ROOT;XIRECS;13071.0;7
44500;;;INTARIAN_PEPPER_ROOT;XIRECS;13076.0;3
46800;;;ASH_COATED_OSMIUM;XIRECS;10004.0;3
49700;;;INTARIAN_PEPPER_ROOT;XIRECS;13067.0;3
50800;;;ASH_COATED_OSMIUM;XIRECS;9991.0;7
51800;;;INTARIAN_PEPPER_ROOT;XIRECS;13069.0;4
51800;;;ASH_COATED_OSMIUM;XIRECS;9999.0;5
52400;;;INTARIAN_PEPPER_ROOT;XIRECS;13071.0;7
54100;;;INTARIAN_PEPPER_ROOT;XIRECS;13072.0;8
55600;;;INTARIAN_PEPPER_ROOT;XIRECS;13074.0;4
60200;;;ASH_COATED_OSMIUM;XIRECS;9995.0;9
65700;;;INTARIAN_PEPPER_ROOT;XIRECS;13098.0;7
65900;;;INTARIAN_PEPPER_ROOT;XIRECS;13101.0;7
66200;;;INTARIAN_PEPPER_ROOT;XIRECS;13086.0;7
66600;;;INTARIAN_PEPPER_ROOT;XIRECS;13098.0;4
67300;;;ASH_COATED_OSMIUM;XIRECS;9993.0;4
69400;;;INTARIAN_PEPPER_ROOT;XIRECS;13102.0;7
69500;;;ASH_COATED_OSMIUM;XIRECS;10008.0;7
71100;;;INTARIAN_PEPPER_ROOT;XIRECS;13090.0;8
71100;;;ASH_COATED_OSMIUM;XIRECS;9990.0;2
72600;;;INTARIAN_PEPPER_ROOT;XIRECS;13090.0;7
73700;;;ASH_COATED_OSMIUM;XIRECS;10000.0;10
74300;;;ASH_COATED_OSMIUM;XIRECS;10001.0;2
75000;;;INTARIAN_PEPPER_ROOT;XIRECS;13107.0;5
75300;;;INTARIAN_PEPPER_ROOT;XIRECS;13095.0;6
79700;;;INTARIAN_PEPPER_ROOT;XIRECS;13108.0;3
81300;;;ASH_COATED_OSMIUM;XIRECS;10012.0;6
81800;;;INTARIAN_PEPPER_ROOT;XIRECS;13102.0;5
82800;;;ASH_COATED_OSMIUM;XIRECS;10010.0;7
85100;;;ASH_COATED_OSMIUM;XIRECS;9991.0;6
88100;;;INTARIAN_PEPPER_ROOT;XIRECS;13122.0;6
88400;;;ASH_COATED_OSMIUM;XIRECS;9993.0;2
89400;;;ASH_COATED_OSMIUM;XIRECS;9993.0;6
90200;;;ASH_COATED_OSMIUM;XIRECS;10004.0;10
90800;;;ASH_COATED_OSMIUM;XIRECS;10010.0;2
91100;;;INTARIAN_PEPPER_ROOT;XIRECS;13112.0;6
92800;;;INTARIAN_PEPPER_ROOT;XIRECS;13114.0;6
95100;;;ASH_COATED_OSMIUM;XIRECS;9992.0;6
95500;;;INTARIAN_PEPPER_ROOT;XIRECS;13131.0;3
95700;;;ASH_COATED_OSMIUM;XIRECS;10003.0;5
95900;;;ASH_COATED_OSMIUM;XIRECS;10010.0;5
96000;;;INTARIAN_PEPPER_ROOT;XIRECS;13122.0;6
97200;;;ASH_COATED_OSMIUM;XIRECS;10001.0;5
97900;;;INTARIAN_PEPPER_ROOT;XIRECS;13133.0;6
98900;;;ASH_COATED_OSMIUM;XIRECS;9992.0;6
99700;;;INTARIAN_PEPPER_ROOT;XIRECS;13119.0;7
100200;;;ASH_COATED_OSMIUM;XIRECS;9999.0;9
101600;;;ASH_COATED_OSMIUM;XIRECS;9996.0;2
101900;;;ASH_COATED_OSMIUM;XIRECS;9991.0;4
102900;;;ASH_COATED_OSMIUM;XIRECS;10011.0;6
105700;;;INTARIAN_PEPPER_ROOT;XIRECS;13141.0;5
105800;;;INTARIAN_PEPPER_ROOT;XIRECS;13128.0;4
106400;;;INTARIAN_PEPPER_ROOT;XIRECS;13129.0;5
108000;;;ASH_COATED_OSMIUM;XIRECS;10007.0;6
111800;;;ASH_COATED_OSMIUM;XIRECS;9993.0;4
113000;;;ASH_COATED_OSMIUM;XIRECS;9992.0;2
113100;;;INTARIAN_PEPPER_ROOT;XIRECS;13148.0;8
113600;;;ASH_COATED_OSMIUM;XIRECS;10008.0;4
114500;;;ASH_COATED_OSMIUM;XIRECS;10004.0;2
114900;;;INTARIAN_PEPPER_ROOT;XIRECS;13138.0;7
119500;;;INTARIAN_PEPPER_ROOT;XIRECS;13156.0;5
120800;;;INTARIAN_PEPPER_ROOT;XIRECS;13158.0;4
122100;;;INTARIAN_PEPPER_ROOT;XIRECS;13159.0;5
122800;;;INTARIAN_PEPPER_ROOT;XIRECS;13159.0;5
123300;;;ASH_COATED_OSMIUM;XIRECS;9997.0;4
123700;;;ASH_COATED_OSMIUM;XIRECS;10008.0;2
125000;;;INTARIAN_PEPPER_ROOT;XIRECS;13149.0;5
126400;;;ASH_COATED_OSMIUM;XIRECS;10000.0;5
127300;;;ASH_COATED_OSMIUM;XIRECS;9991.0;3
131200;;;ASH_COATED_OSMIUM;XIRECS;10002.0;4
132400;;;INTARIAN_PEPPER_ROOT;XIRECS;13155.0;7
135300;;;INTARIAN_PEPPER_ROOT;XIRECS;13159.0;6
135600;;;INTARIAN_PEPPER_ROOT;XIRECS;13160.0;3
136700;;;ASH_COATED_OSMIUM;XIRECS;10001.0;7
138700;;;INTARIAN_PEPPER_ROOT;XIRECS;13163.0;5
140500;;;INTARIAN_PEPPER_ROOT;XIRECS;13179.0;5
140500;;;ASH_COATED_OSMIUM;XIRECS;10006.0;8
140600;;;ASH_COATED_OSMIUM;XIRECS;10001.0;10
141600;;;INTARIAN_PEPPER_ROOT;XIRECS;13167.0;5
141800;;;ASH_COATED_OSMIUM;XIRECS;9999.0;5
143300;;;ASH_COATED_OSMIUM;XIRECS;9990.0;6
143800;;;ASH_COATED_OSMIUM;XIRECS;9991.0;4
146300;;;ASH_COATED_OSMIUM;XIRECS;9991.0;2
147100;;;INTARIAN_PEPPER_ROOT;XIRECS;13186.0;5
148200;;;ASH_COATED_OSMIUM;XIRECS;10009.0;2
148400;;;ASH_COATED_OSMIUM;XIRECS;10009.0;6
148700;;;ASH_COATED_OSMIUM;XIRECS;9994.0;4
148800;;;INTARIAN_PEPPER_ROOT;XIRECS;13175.0;4
149500;;;INTARIAN_PEPPER_ROOT;XIRECS;13175.0;7
151900;;;ASH_COATED_OSMIUM;XIRECS;10008.0;5
152700;;;ASH_COATED_OSMIUM;XIRECS;10008.0;7
153300;;;ASH_COATED_OSMIUM;XIRECS;9991.0;4
154000;;;INTARIAN_PEPPER_ROOT;XIRECS;13193.0;4
155000;;;ASH_COATED_OSMIUM;XIRECS;10007.0;10
155100;;;INTARIAN_PEPPER_ROOT;XIRECS;13195.0;6
155500;;;ASH_COATED_OSMIUM;XIRECS;10007.0;2
156400;;;ASH_COATED_OSMIUM;XIRECS;10008.0;2
157300;;;ASH_COATED_OSMIUM;XIRECS;9993.0;5
158400;;;ASH_COATED_OSMIUM;XIRECS;9993.0;6
158600;;;ASH_COATED_OSMIUM;XIRECS;10000.0;8
159200;;;INTARIAN_PEPPER_ROOT;XIRECS;13186.0;5
159500;;;INTARIAN_PEPPER_ROOT;XIRECS;13183.0;6
159800;;;ASH_COATED_OSMIUM;XIRECS;10001.0;3
160400;;;ASH_COATED_OSMIUM;XIRECS;9990.0;4
165500;;;ASH_COATED_OSMIUM;XIRECS;9992.0;4
167200;;;INTARIAN_PEPPER_ROOT;XIRECS;13195.0;5
167900;;;ASH_COATED_OSMIUM;XIRECS;10000.0;3
173700;;;ASH_COATED_OSMIUM;XIRECS;9989.0;2
174300;;;INTARIAN_PEPPER_ROOT;XIRECS;13202.0;7
180500;;;ASH_COATED_OSMIUM;XIRECS;10009.0;10
181200;;;INTARIAN_PEPPER_ROOT;XIRECS;13223.0;3
181500;;;ASH_COATED_OSMIUM;XIRECS;9994.0;2
181800;;;INTARIAN_PEPPER_ROOT;XIRECS;13225.0;5
183700;;;INTARIAN_PEPPER_ROOT;XIRECS;13212.0;5
186200;;;ASH_COATED_OSMIUM;XIRECS;10000.0;6
189000;;;ASH_COATED_OSMIUM;XIRECS;10002.0;5
189500;;;INTARIAN_PEPPER_ROOT;XIRECS;13219.0;5
190400;;;INTARIAN_PEPPER_ROOT;XIRECS;13220.0;3
192300;;;ASH_COATED_OSMIUM;XIRECS;10010.0;3
194400;;;ASH_COATED_OSMIUM;XIRECS;10010.0;7
197000;;;ASH_COATED_OSMIUM;XIRECS;10006.0;2
202900;;;INTARIAN_PEPPER_ROOT;XIRECS;13248.0;6
202900;;;ASH_COATED_OSMIUM;XIRECS;10010.0;6
205600;;;INTARIAN_PEPPER_ROOT;XIRECS;13250.0;7
206200;;;ASH_COATED_OSMIUM;XIRECS;9993.0;7
206300;;;ASH_COATED_OSMIUM;XIRECS;9997.0;5
207800;;;ASH_COATED_OSMIUM;XIRECS;9994.0;5
208100;;;ASH_COATED_OSMIUM;XIRECS;10002.0;5
208900;;;ASH_COATED_OSMIUM;XIRECS;10003.0;5
211700;;;ASH_COATED_OSMIUM;XIRECS;9990.0;5
212500;;;ASH_COATED_OSMIUM;XIRECS;9992.0;2
214000;;;ASH_COATED_OSMIUM;XIRECS;10009.0;9
216100;;;ASH_COATED_OSMIUM;XIRECS;9997.0;6
218900;;;INTARIAN_PEPPER_ROOT;XIRECS;13264.0;7
219900;;;ASH_COATED_OSMIUM;XIRECS;10001.0;5
220000;;;ASH_COATED_OSMIUM;XIRECS;9989.0;3
220300;;;ASH_COATED_OSMIUM;XIRECS;9992.0;3
221500;;;ASH_COATED_OSMIUM;XIRECS;9990.0;6
222300;;;INTARIAN_PEPPER_ROOT;XIRECS;13267.0;6
223000;;;ASH_COATED_OSMIUM;XIRECS;9989.0;6
224200;;;ASH_COATED_OSMIUM;XIRECS;10009.0;3
224700;;;INTARIAN_PEPPER_ROOT;XIRECS;13258.0;6
225000;;;ASH_COATED_OSMIUM;XIRECS;9993.0;9
225200;;;ASH_COATED_OSMIUM;XIRECS;9999.0;6
225800;;;INTARIAN_PEPPER_ROOT;XIRECS;13258.0;6
229700;;;INTARIAN_PEPPER_ROOT;XIRECS;13275.0;7
231300;;;INTARIAN_PEPPER_ROOT;XIRECS;13278.0;6
231300;;;ASH_COATED_OSMIUM;XIRECS;9991.0;6
231300;;;ASH_COATED_OSMIUM;XIRECS;10004.0;8
231400;;;INTARIAN_PEPPER_ROOT;XIRECS;13277.0;3
231500;;;ASH_COATED_OSMIUM;XIRECS;9991.0;2
233200;;;INTARIAN_PEPPER_ROOT;XIRECS;13280.0;7
234300;;;INTARIAN_PEPPER_ROOT;XIRECS;13280.0;2
234300;;;ASH_COATED_OSMIUM;XIRECS;10009.0;4
234400;;;INTARIAN_PEPPER_ROOT;XIRECS;13282.0;4
238200;;;INTARIAN_PEPPER_ROOT;XIRECS;13283.0;3
246900;;;INTARIAN_PEPPER_ROOT;XIRECS;13295.0;4
251700;;;ASH_COATED_OSMIUM;XIRECS;10002.0;6
254100;;;ASH_COATED_OSMIUM;XIRECS;10009.0;5
255000;;;ASH_COATED_OSMIUM;XIRECS;10010.0;9
257600;;;INTARIAN_PEPPER_ROOT;XIRECS;13292.0;6
258800;;;INTARIAN_PEPPER_ROOT;XIRECS;13293.0;7
259600;;;INTARIAN_PEPPER_ROOT;XIRECS;13307.0;3
260000;;;ASH_COATED_OSMIUM;XIRECS;9993.0;6
260000;;;ASH_COATED_OSMIUM;XIRECS;10001.0;3
264600;;;INTARIAN_PEPPER_ROOT;XIRECS;13299.0;6
265800;;;INTARIAN_PEPPER_ROOT;XIRECS;13300.0;7
267200;;;ASH_COATED_OSMIUM;XIRECS;10001.0;2
268200;;;ASH_COATED_OSMIUM;XIRECS;9993.0;5
268800;;;INTARIAN_PEPPER_ROOT;XIRECS;13317.0;3
269200;;;ASH_COATED_OSMIUM;XIRECS;10001.0;8
269600;;;ASH_COATED_OSMIUM;XIRECS;9991.0;10
269600;;;ASH_COATED_OSMIUM;XIRECS;10000.0;6
271600;;;ASH_COATED_OSMIUM;XIRECS;10001.0;4
273100;;;INTARIAN_PEPPER_ROOT;XIRECS;13314.0;6
274100;;;ASH_COATED_OSMIUM;XIRECS;10010.0;9
274300;;;ASH_COATED_OSMIUM;XIRECS;9996.0;6
274500;;;ASH_COATED_OSMIUM;XIRECS;10000.0;7
275900;;;ASH_COATED_OSMIUM;XIRECS;10001.0;5
276700;;;ASH_COATED_OSMIUM;XIRECS;9993.0;3
277200;;;ASH_COATED_OSMIUM;XIRECS;10010.0;6
278800;;;ASH_COATED_OSMIUM;XIRECS;10009.0;2
280200;;;INTARIAN_PEPPER_ROOT;XIRECS;13329.0;8
281900;;;INTARIAN_PEPPER_ROOT;XIRECS;13331.0;3
282500;;;ASH_COATED_OSMIUM;XIRECS;9993.0;3
283100;;;ASH_COATED_OSMIUM;XIRECS;10000.0;9
283500;;;INTARIAN_PEPPER_ROOT;XIRECS;13320.0;6
285000;;;ASH_COATED_OSMIUM;XIRECS;9992.0;5
288400;;;ASH_COATED_OSMIUM;XIRECS;9991.0;4
289100;;;INTARIAN_PEPPER_ROOT;XIRECS;13326.0;3
293400;;;ASH_COATED_OSMIUM;XIRECS;10000.0;3
294000;;;INTARIAN_PEPPER_ROOT;XIRECS;13332.0;7
294800;;;ASH_COATED_OSMIUM;XIRECS;10002.0;2
294900;;;ASH_COATED_OSMIUM;XIRECS;10001.0;6
295400;;;INTARIAN_PEPPER_ROOT;XIRECS;13333.0;4
295600;;;INTARIAN_PEPPER_ROOT;XIRECS;13346.0;7
295800;;;ASH_COATED_OSMIUM;XIRECS;10000.0;6
296000;;;INTARIAN_PEPPER_ROOT;XIRECS;13349.0;6
297000;;;INTARIAN_PEPPER_ROOT;XIRECS;13347.0;6
297000;;;INTARIAN_PEPPER_ROOT;XIRECS;13347.0;7
299400;;;ASH_COATED_OSMIUM;XIRECS;9991.0;4
301600;;;INTARIAN_PEPPER_ROOT;XIRECS;13353.0;7
301800;;;INTARIAN_PEPPER_ROOT;XIRECS;13354.0;4
302000;;;INTARIAN_PEPPER_ROOT;XIRECS;13341.0;5
302200;;;ASH_COATED_OSMIUM;XIRECS;10010.0;5
302200;;;ASH_COATED_OSMIUM;XIRECS;10005.0;2
304500;;;ASH_COATED_OSMIUM;XIRECS;10004.0;2
306400;;;INTARIAN_PEPPER_ROOT;XIRECS;13346.0;3
307300;;;ASH_COATED_OSMIUM;XIRECS;10000.0;6
307800;;;INTARIAN_PEPPER_ROOT;XIRECS;13358.0;3
311600;;;INTARIAN_PEPPER_ROOT;XIRECS;13363.0;6
311700;;;INTARIAN_PEPPER_ROOT;XIRECS;13365.0;7
312500;;;ASH_COATED_OSMIUM;XIRECS;10004.0;4
312600;;;INTARIAN_PEPPER_ROOT;XIRECS;13358.0;5
314600;;;ASH_COATED_OSMIUM;XIRECS;9994.0;6
314700;;;ASH_COATED_OSMIUM;XIRECS;9992.0;9
317100;;;ASH_COATED_OSMIUM;XIRECS;9992.0;3
317200;;;ASH_COATED_OSMIUM;XIRECS;10008.0;4
317600;;;ASH_COATED_OSMIUM;XIRECS;9994.0;6
321400;;;ASH_COATED_OSMIUM;XIRECS;9992.0;9
322400;;;INTARIAN_PEPPER_ROOT;XIRECS;13361.0;7
325300;;;ASH_COATED_OSMIUM;XIRECS;9999.0;5
329600;;;INTARIAN_PEPPER_ROOT;XIRECS;13369.0;7
330700;;;ASH_COATED_OSMIUM;XIRECS;9992.0;6
331100;;;INTARIAN_PEPPER_ROOT;XIRECS;13385.0;7
334500;;;ASH_COATED_OSMIUM;XIRECS;10000.0;5
335900;;;ASH_COATED_OSMIUM;XIRECS;9999.0;2
336500;;;ASH_COATED_OSMIUM;XIRECS;10008.0;9
338300;;;ASH_COATED_OSMIUM;XIRECS;9991.0;5
339800;;;ASH_COATED_OSMIUM;XIRECS;10007.0;7
339900;;;ASH_COATED_OSMIUM;XIRECS;10007.0;6
342400;;;ASH_COATED_OSMIUM;XIRECS;10010.0;6
343900;;;ASH_COATED_OSMIUM;XIRECS;10011.0;5
344100;;;INTARIAN_PEPPER_ROOT;XIRECS;13386.0;5
344400;;;INTARIAN_PEPPER_ROOT;XIRECS;13400.0;3
344600;;;INTARIAN_PEPPER_ROOT;XIRECS;13386.0;5
345500;;;ASH_COATED_OSMIUM;XIRECS;10010.0;8
346000;;;ASH_COATED_OSMIUM;XIRECS;10007.0;5
349200;;;ASH_COATED_OSMIUM;XIRECS;10011.0;9
350800;;;INTARIAN_PEPPER_ROOT;XIRECS;13406.0;4
350900;;;INTARIAN_PEPPER_ROOT;XIRECS;13407.0;4
350900;;;INTARIAN_PEPPER_ROOT;XIRECS;13393.0;3
351600;;;INTARIAN_PEPPER_ROOT;XIRECS;13394.0;7
351600;;;ASH_COATED_OSMIUM;XIRECS;10001.0;5
352700;;;ASH_COATED_OSMIUM;XIRECS;10010.0;2
353300;;;ASH_COATED_OSMIUM;XIRECS;10001.0;3
355200;;;ASH_COATED_OSMIUM;XIRECS;10009.0;10
358900;;;ASH_COATED_OSMIUM;XIRECS;10001.0;3
360800;;;ASH_COATED_OSMIUM;XIRECS;9992.0;5
361800;;;INTARIAN_PEPPER_ROOT;XIRECS;13418.0;4
362000;;;INTARIAN_PEPPER_ROOT;XIRECS;13405.0;3
362500;;;INTARIAN_PEPPER_ROOT;XIRECS;13405.0;7
363300;;;ASH_COATED_OSMIUM;XIRECS;10001.0;6
366900;;;ASH_COATED_OSMIUM;XIRECS;10006.0;6
368200;;;ASH_COATED_OSMIUM;XIRECS;10001.0;7
370100;;;INTARIAN_PEPPER_ROOT;XIRECS;13414.0;3
370100;;;ASH_COATED_OSMIUM;XIRECS;10000.0;7
370700;;;INTARIAN_PEPPER_ROOT;XIRECS;13415.0;5
372900;;;INTARIAN_PEPPER_ROOT;XIRECS;13422.0;5
373200;;;ASH_COATED_OSMIUM;XIRECS;10002.0;4
373400;;;ASH_COATED_OSMIUM;XIRECS;9993.0;4
374000;;;ASH_COATED_OSMIUM;XIRECS;9993.0;2
374100;;;INTARIAN_PEPPER_ROOT;XIRECS;13432.0;7
374200;;;INTARIAN_PEPPER_ROOT;XIRECS;13417.0;6
374300;;;ASH_COATED_OSMIUM;XIRECS;10009.0;3
376600;;;ASH_COATED_OSMIUM;XIRECS;10000.0;2
379200;;;INTARIAN_PEPPER_ROOT;XIRECS;13425.0;4
384500;;;INTARIAN_PEPPER_ROOT;XIRECS;13429.0;6
385300;;;INTARIAN_PEPPER_ROOT;XIRECS;13432.0;3
385300;;;ASH_COATED_OSMIUM;XIRECS;9992.0;4
386500;;;ASH_COATED_OSMIUM;XIRECS;10011.0;5
388300;;;ASH_COATED_OSMIUM;XIRECS;9995.0;7
388700;;;ASH_COATED_OSMIUM;XIRECS;9993.0;6
392300;;;INTARIAN_PEPPER_ROOT;XIRECS;13439.0;7
395300;;;INTARIAN_PEPPER_ROOT;XIRECS;13441.0;5
395300;;;ASH_COATED_OSMIUM;XIRECS;10009.0;2
395600;;;INTARIAN_PEPPER_ROOT;XIRECS;13454.0;7
398500;;;INTARIAN_PEPPER_ROOT;XIRECS;13446.0;3
399500;;;INTARIAN_PEPPER_ROOT;XIRECS;13459.0;7
400400;;;ASH_COATED_OSMIUM;XIRECS;10010.0;10
403100;;;ASH_COATED_OSMIUM;XIRECS;10001.0;7
404400;;;INTARIAN_PEPPER_ROOT;XIRECS;13466.0;7
406200;;;ASH_COATED_OSMIUM;XIRECS;9994.0;4
406300;;;ASH_COATED_OSMIUM;XIRECS;9993.0;6
407400;;;INTARIAN_PEPPER_ROOT;XIRECS;13455.0;5
407900;;;INTARIAN_PEPPER_ROOT;XIRECS;13454.0;7
410100;;;ASH_COATED_OSMIUM;XIRECS;9992.0;2
410100;;;ASH_COATED_OSMIUM;XIRECS;9992.0;5
411100;;;INTARIAN_PEPPER_ROOT;XIRECS;13472.0;4
411200;;;ASH_COATED_OSMIUM;XIRECS;9991.0;9
411600;;;INTARIAN_PEPPER_ROOT;XIRECS;13471.0;5
414400;;;INTARIAN_PEPPER_ROOT;XIRECS;13470.0;5
415000;;;ASH_COATED_OSMIUM;XIRECS;9993.0;5
417600;;;INTARIAN_PEPPER_ROOT;XIRECS;13480.0;7
418400;;;ASH_COATED_OSMIUM;XIRECS;9993.0;4
418500;;;INTARIAN_PEPPER_ROOT;XIRECS;13467.0;6
420200;;;ASH_COATED_OSMIUM;XIRECS;9992.0;9
421800;;;INTARIAN_PEPPER_ROOT;XIRECS;13470.0;3
424600;;;INTARIAN_PEPPER_ROOT;XIRECS;13488.0;6
425000;;;INTARIAN_PEPPER_ROOT;XIRECS;13473.0;8
425600;;;ASH_COATED_OSMIUM;XIRECS;9992.0;6
426200;;;INTARIAN_PEPPER_ROOT;XIRECS;13489.0;4
426600;;;ASH_COATED_OSMIUM;XIRECS;10010.0;5
427500;;;INTARIAN_PEPPER_ROOT;XIRECS;13490.0;3
428200;;;ASH_COATED_OSMIUM;XIRECS;10012.0;6
428800;;;INTARIAN_PEPPER_ROOT;XIRECS;13476.0;5
429500;;;ASH_COATED_OSMIUM;XIRECS;10010.0;4
429700;;;INTARIAN_PEPPER_ROOT;XIRECS;13493.0;4
433300;;;INTARIAN_PEPPER_ROOT;XIRECS;13483.0;4
434500;;;ASH_COATED_OSMIUM;XIRECS;9997.0;4
435500;;;ASH_COATED_OSMIUM;XIRECS;10009.0;2
435600;;;INTARIAN_PEPPER_ROOT;XIRECS;13487.0;5
437200;;;ASH_COATED_OSMIUM;XIRECS;10013.0;4
437900;;;INTARIAN_PEPPER_ROOT;XIRECS;13503.0;3
438300;;;ASH_COATED_OSMIUM;XIRECS;10011.0;6
439200;;;INTARIAN_PEPPER_ROOT;XIRECS;13487.0;4
441000;;;INTARIAN_PEPPER_ROOT;XIRECS;13492.0;6
441300;;;INTARIAN_PEPPER_ROOT;XIRECS;13491.0;5
442300;;;ASH_COATED_OSMIUM;XIRECS;9994.0;2
443600;;;ASH_COATED_OSMIUM;XIRECS;9992.0;2
444100;;;ASH_COATED_OSMIUM;XIRECS;9993.0;5
446300;;;INTARIAN_PEPPER_ROOT;XIRECS;13495.0;8
446600;;;INTARIAN_PEPPER_ROOT;XIRECS;13497.0;7
447500;;;ASH_COATED_OSMIUM;XIRECS;10001.0;7
447800;;;ASH_COATED_OSMIUM;XIRECS;10000.0;5
448100;;;INTARIAN_PEPPER_ROOT;XIRECS;13500.0;6
448300;;;ASH_COATED_OSMIUM;XIRECS;10008.0;2
449700;;;ASH_COATED_OSMIUM;XIRECS;10007.0;3
450200;;;INTARIAN_PEPPER_ROOT;XIRECS;13501.0;6
450400;;;INTARIAN_PEPPER_ROOT;XIRECS;13503.0;5
451900;;;ASH_COATED_OSMIUM;XIRECS;10001.0;2
452700;;;INTARIAN_PEPPER_ROOT;XIRECS;13518.0;3
455800;;;ASH_COATED_OSMIUM;XIRECS;10004.0;5
456300;;;ASH_COATED_OSMIUM;XIRECS;10001.0;9
456800;;;INTARIAN_PEPPER_ROOT;XIRECS;13508.0;6
462200;;;ASH_COATED_OSMIUM;XIRECS;10003.0;5
462400;;;ASH_COATED_OSMIUM;XIRECS;9991.0;2
463400;;;ASH_COATED_OSMIUM;XIRECS;10009.0;6
463900;;;INTARIAN_PEPPER_ROOT;XIRECS;13516.0;6
464900;;;INTARIAN_PEPPER_ROOT;XIRECS;13525.0;3
465200;;;INTARIAN_PEPPER_ROOT;XIRECS;13530.0;6
466600;;;ASH_COATED_OSMIUM;XIRECS;10012.0;8
468500;;;ASH_COATED_OSMIUM;XIRECS;9994.0;7
472000;;;INTARIAN_PEPPER_ROOT;XIRECS;13524.0;5
473800;;;ASH_COATED_OSMIUM;XIRECS;9993.0;8
481100;;;ASH_COATED_OSMIUM;XIRECS;9992.0;10
481600;;;ASH_COATED_OSMIUM;XIRECS;9992.0;4
482300;;;ASH_COATED_OSMIUM;XIRECS;9989.0;7
484700;;;INTARIAN_PEPPER_ROOT;XIRECS;13552.0;7
484900;;;ASH_COATED_OSMIUM;XIRECS;10000.0;2
487600;;;INTARIAN_PEPPER_ROOT;XIRECS;13542.0;7
488700;;;INTARIAN_PEPPER_ROOT;XIRECS;13551.0;3
489200;;;ASH_COATED_OSMIUM;XIRECS;10010.0;8
491000;;;INTARIAN_PEPPER_ROOT;XIRECS;13545.0;5
492600;;;ASH_COATED_OSMIUM;XIRECS;10011.0;6
493900;;;ASH_COATED_OSMIUM;XIRECS;9991.0;2
494600;;;ASH_COATED_OSMIUM;XIRECS;9991.0;6
496400;;;ASH_COATED_OSMIUM;XIRECS;10009.0;6
496600;;;ASH_COATED_OSMIUM;XIRECS;10000.0;5
497100;;;ASH_COATED_OSMIUM;XIRECS;9999.0;3
497600;;;INTARIAN_PEPPER_ROOT;XIRECS;13564.0;6
505100;;;ASH_COATED_OSMIUM;XIRECS;10001.0;6
507000;;;ASH_COATED_OSMIUM;XIRECS;9991.0;4
507800;;;ASH_COATED_OSMIUM;XIRECS;9990.0;4
508400;;;ASH_COATED_OSMIUM;XIRECS;9999.0;3
510600;;;ASH_COATED_OSMIUM;XIRECS;9992.0;4
511100;;;ASH_COATED_OSMIUM;XIRECS;9998.0;7
511800;;;INTARIAN_PEPPER_ROOT;XIRECS;13568.0;3
513600;;;ASH_COATED_OSMIUM;XIRECS;10002.0;6
514300;;;INTARIAN_PEPPER_ROOT;XIRECS;13570.0;6
514700;;;ASH_COATED_OSMIUM;XIRECS;9992.0;5
515200;;;ASH_COATED_OSMIUM;XIRECS;10009.0;4
515700;;;ASH_COATED_OSMIUM;XIRECS;10005.0;5
519800;;;INTARIAN_PEPPER_ROOT;XIRECS;13589.0;5
520600;;;ASH_COATED_OSMIUM;XIRECS;10000.0;8
522200;;;INTARIAN_PEPPER_ROOT;XIRECS;13583.0;4
522300;;;INTARIAN_PEPPER_ROOT;XIRECS;13578.0;6
522700;;;INTARIAN_PEPPER_ROOT;XIRECS;13580.0;6
523400;;;ASH_COATED_OSMIUM;XIRECS;10001.0;2
523800;;;INTARIAN_PEPPER_ROOT;XIRECS;13580.0;6
524900;;;INTARIAN_PEPPER_ROOT;XIRECS;13597.0;5
526900;;;ASH_COATED_OSMIUM;XIRECS;9992.0;5
527300;;;ASH_COATED_OSMIUM;XIRECS;10002.0;4
527700;;;ASH_COATED_OSMIUM;XIRECS;9991.0;3
531400;;;INTARIAN_PEPPER_ROOT;XIRECS;13587.0;5
534400;;;ASH_COATED_OSMIUM;XIRECS;9992.0;7
534700;;;ASH_COATED_OSMIUM;XIRECS;10009.0;5
535600;;;ASH_COATED_OSMIUM;XIRECS;9992.0;6
537400;;;ASH_COATED_OSMIUM;XIRECS;9992.0;5
537500;;;ASH_COATED_OSMIUM;XIRECS;9992.0;6
540000;;;INTARIAN_PEPPER_ROOT;XIRECS;13603.0;5
540900;;;ASH_COATED_OSMIUM;XIRECS;9998.0;4
542700;;;INTARIAN_PEPPER_ROOT;XIRECS;13602.0;6
543400;;;ASH_COATED_OSMIUM;XIRECS;10001.0;6
545700;;;ASH_COATED_OSMIUM;XIRECS;10008.0;2
546600;;;ASH_COATED_OSMIUM;XIRECS;9999.0;4
547300;;;ASH_COATED_OSMIUM;XIRECS;10012.0;3
547900;;;INTARIAN_PEPPER_ROOT;XIRECS;13605.0;3
547900;;;ASH_COATED_OSMIUM;XIRECS;10011.0;5
548200;;;ASH_COATED_OSMIUM;XIRECS;10010.0;2
548700;;;ASH_COATED_OSMIUM;XIRECS;10010.0;4
549200;;;INTARIAN_PEPPER_ROOT;XIRECS;13609.0;6
549600;;;INTARIAN_PEPPER_ROOT;XIRECS;13607.0;6
551000;;;INTARIAN_PEPPER_ROOT;XIRECS;13625.0;5
551300;;;INTARIAN_PEPPER_ROOT;XIRECS;13611.0;5
552900;;;INTARIAN_PEPPER_ROOT;XIRECS;13625.0;5
555100;;;ASH_COATED_OSMIUM;XIRECS;9993.0;4
555400;;;INTARIAN_PEPPER_ROOT;XIRECS;13616.0;4
557200;;;ASH_COATED_OSMIUM;XIRECS;10009.0;4
557800;;;ASH_COATED_OSMIUM;XIRECS;9998.0;5
559100;;;ASH_COATED_OSMIUM;XIRECS;10009.0;10
559600;;;ASH_COATED_OSMIUM;XIRECS;10010.0;3
560200;;;INTARIAN_PEPPER_ROOT;XIRECS;13619.0;4
561200;;;INTARIAN_PEPPER_ROOT;XIRECS;13634.0;3
562200;;;ASH_COATED_OSMIUM;XIRECS;10001.0;6
565200;;;ASH_COATED_OSMIUM;XIRECS;10008.0;4
569300;;;ASH_COATED_OSMIUM;XIRECS;9994.0;4
571600;;;ASH_COATED_OSMIUM;XIRECS;9991.0;4
572200;;;ASH_COATED_OSMIUM;XIRECS;10009.0;2
576200;;;INTARIAN_PEPPER_ROOT;XIRECS;13637.0;3
576500;;;INTARIAN_PEPPER_ROOT;XIRECS;13651.0;7
576600;;;ASH_COATED_OSMIUM;XIRECS;9993.0;5
577600;;;INTARIAN_PEPPER_ROOT;XIRECS;13651.0;7
577600;;;ASH_COATED_OSMIUM;XIRECS;10008.0;6
577800;;;INTARIAN_PEPPER_ROOT;XIRECS;13653.0;4
578400;;;INTARIAN_PEPPER_ROOT;XIRECS;13641.0;6
579300;;;INTARIAN_PEPPER_ROOT;XIRECS;13641.0;7
580400;;;ASH_COATED_OSMIUM;XIRECS;9991.0;7
582100;;;INTARIAN_PEPPER_ROOT;XIRECS;13659.0;3
582300;;;ASH_COATED_OSMIUM;XIRECS;9993.0;6
582700;;;ASH_COATED_OSMIUM;XIRECS;9992.0;4
584300;;;INTARIAN_PEPPER_ROOT;XIRECS;13646.0;7
584700;;;INTARIAN_PEPPER_ROOT;XIRECS;13647.0;4
588400;;;INTARIAN_PEPPER_ROOT;XIRECS;13663.0;4
590300;;;ASH_COATED_OSMIUM;XIRECS;10009.0;3
592200;;;INTARIAN_PEPPER_ROOT;XIRECS;13654.0;5
594000;;;ASH_COATED_OSMIUM;XIRECS;9999.0;10
594700;;;INTARIAN_PEPPER_ROOT;XIRECS;13657.0;4
595700;;;ASH_COATED_OSMIUM;XIRECS;10007.0;5
597600;;;ASH_COATED_OSMIUM;XIRECS;9991.0;3
598700;;;ASH_COATED_OSMIUM;XIRECS;10001.0;6
599200;;;ASH_COATED_OSMIUM;XIRECS;9994.0;2
599200;;;ASH_COATED_OSMIUM;XIRECS;10001.0;3
605000;;;ASH_COATED_OSMIUM;XIRECS;9995.0;2
605500;;;ASH_COATED_OSMIUM;XIRECS;10004.0;5
608700;;;INTARIAN_PEPPER_ROOT;XIRECS;13687.0;4
610100;;;ASH_COATED_OSMIUM;XIRECS;10007.0;6
612100;;;ASH_COATED_OSMIUM;XIRECS;9992.0;6
615900;;;ASH_COATED_OSMIUM;XIRECS;9998.0;9
616400;;;INTARIAN_PEPPER_ROOT;XIRECS;13694.0;6
617800;;;ASH_COATED_OSMIUM;XIRECS;9989.0;10
617900;;;INTARIAN_PEPPER_ROOT;XIRECS;13681.0;6
620500;;;ASH_COATED_OSMIUM;XIRECS;10001.0;3
621100;;;INTARIAN_PEPPER_ROOT;XIRECS;13685.0;4
621800;;;INTARIAN_PEPPER_ROOT;XIRECS;13687.0;6
624300;;;ASH_COATED_OSMIUM;XIRECS;9992.0;7
626900;;;ASH_COATED_OSMIUM;XIRECS;9992.0;2
627000;;;ASH_COATED_OSMIUM;XIRECS;9993.0;3
627700;;;INTARIAN_PEPPER_ROOT;XIRECS;13694.0;6
627700;;;ASH_COATED_OSMIUM;XIRECS;9993.0;5
629300;;;INTARIAN_PEPPER_ROOT;XIRECS;13696.0;7
630400;;;ASH_COATED_OSMIUM;XIRECS;10001.0;5
632200;;;INTARIAN_PEPPER_ROOT;XIRECS;13712.0;4
633800;;;ASH_COATED_OSMIUM;XIRECS;10009.0;3
634900;;;INTARIAN_PEPPER_ROOT;XIRECS;13701.0;5
635500;;;INTARIAN_PEPPER_ROOT;XIRECS;13701.0;3
639800;;;ASH_COATED_OSMIUM;XIRECS;9992.0;5
646600;;;INTARIAN_PEPPER_ROOT;XIRECS;13727.0;6
649200;;;ASH_COATED_OSMIUM;XIRECS;10005.0;2
650200;;;INTARIAN_PEPPER_ROOT;XIRECS;13730.0;6
651100;;;INTARIAN_PEPPER_ROOT;XIRECS;13718.0;6
653800;;;ASH_COATED_OSMIUM;XIRECS;9992.0;2
656800;;;ASH_COATED_OSMIUM;XIRECS;9993.0;2
657600;;;ASH_COATED_OSMIUM;XIRECS;10001.0;2
658100;;;ASH_COATED_OSMIUM;XIRECS;10010.0;5
659800;;;ASH_COATED_OSMIUM;XIRECS;10010.0;5
663600;;;INTARIAN_PEPPER_ROOT;XIRECS;13745.0;6
665300;;;INTARIAN_PEPPER_ROOT;XIRECS;13747.0;7
667800;;;INTARIAN_PEPPER_ROOT;XIRECS;13737.0;3
667900;;;INTARIAN_PEPPER_ROOT;XIRECS;13736.0;5
670000;;;INTARIAN_PEPPER_ROOT;XIRECS;13752.0;5
670600;;;INTARIAN_PEPPER_ROOT;XIRECS;13739.0;5
670900;;;INTARIAN_PEPPER_ROOT;XIRECS;13739.0;3
671600;;;INTARIAN_PEPPER_ROOT;XIRECS;13742.0;6
672300;;;ASH_COATED_OSMIUM;XIRECS;10009.0;5
673000;;;INTARIAN_PEPPER_ROOT;XIRECS;13743.0;7
673000;;;INTARIAN_PEPPER_ROOT;XIRECS;13756.0;6
676600;;;ASH_COATED_OSMIUM;XIRECS;9998.0;5
678000;;;ASH_COATED_OSMIUM;XIRECS;9991.0;2
682200;;;ASH_COATED_OSMIUM;XIRECS;10010.0;6
683400;;;ASH_COATED_OSMIUM;XIRECS;10011.0;3
688100;;;ASH_COATED_OSMIUM;XIRECS;10009.0;5
688600;;;INTARIAN_PEPPER_ROOT;XIRECS;13773.0;3
688900;;;INTARIAN_PEPPER_ROOT;XIRECS;13760.0;4
689300;;;ASH_COATED_OSMIUM;XIRECS;10003.0;3
689600;;;ASH_COATED_OSMIUM;XIRECS;10004.0;6
692100;;;ASH_COATED_OSMIUM;XIRECS;10009.0;8
692300;;;INTARIAN_PEPPER_ROOT;XIRECS;13777.0;3
692600;;;INTARIAN_PEPPER_ROOT;XIRECS;13764.0;7
695000;;;INTARIAN_PEPPER_ROOT;XIRECS;13781.0;3
696200;;;ASH_COATED_OSMIUM;XIRECS;10011.0;6
696900;;;INTARIAN_PEPPER_ROOT;XIRECS;13767.0;4
698100;;;INTARIAN_PEPPER_ROOT;XIRECS;13783.0;3
699800;;;ASH_COATED_OSMIUM;XIRECS;10001.0;5
700100;;;ASH_COATED_OSMIUM;XIRECS;9995.0;2
702700;;;ASH_COATED_OSMIUM;XIRECS;9993.0;3
706700;;;INTARIAN_PEPPER_ROOT;XIRECS;13791.0;5
706700;;;ASH_COATED_OSMIUM;XIRECS;10008.0;4
708800;;;ASH_COATED_OSMIUM;XIRECS;10001.0;4
709000;;;INTARIAN_PEPPER_ROOT;XIRECS;13795.0;6
709000;;;INTARIAN_PEPPER_ROOT;XIRECS;13782.0;8
709100;;;ASH_COATED_OSMIUM;XIRECS;10001.0;9
710100;;;INTARIAN_PEPPER_ROOT;XIRECS;13798.0;3
710700;;;ASH_COATED_OSMIUM;XIRECS;9991.0;5
711700;;;INTARIAN_PEPPER_ROOT;XIRECS;13783.0;7
711700;;;ASH_COATED_OSMIUM;XIRECS;10008.0;3
712500;;;INTARIAN_PEPPER_ROOT;XIRECS;13799.0;6
713000;;;ASH_COATED_OSMIUM;XIRECS;10009.0;2
717200;;;INTARIAN_PEPPER_ROOT;XIRECS;13805.0;6
719700;;;ASH_COATED_OSMIUM;XIRECS;9990.0;4
719900;;;ASH_COATED_OSMIUM;XIRECS;10007.0;3
721100;;;ASH_COATED_OSMIUM;XIRECS;10003.0;8
724400;;;ASH_COATED_OSMIUM;XIRECS;10005.0;2
725600;;;INTARIAN_PEPPER_ROOT;XIRECS;13813.0;6
726200;;;ASH_COATED_OSMIUM;XIRECS;9992.0;7
727100;;;INTARIAN_PEPPER_ROOT;XIRECS;13815.0;7
729700;;;ASH_COATED_OSMIUM;XIRECS;10010.0;5
731700;;;ASH_COATED_OSMIUM;XIRECS;10010.0;4
735700;;;ASH_COATED_OSMIUM;XIRECS;10002.0;7
737200;;;ASH_COATED_OSMIUM;XIRECS;9997.0;3
738100;;;ASH_COATED_OSMIUM;XIRECS;10008.0;7
742500;;;INTARIAN_PEPPER_ROOT;XIRECS;13834.0;6
742600;;;INTARIAN_PEPPER_ROOT;XIRECS;13831.0;7
743100;;;ASH_COATED_OSMIUM;XIRECS;10009.0;3
743800;;;INTARIAN_PEPPER_ROOT;XIRECS;13817.0;5
744000;;;ASH_COATED_OSMIUM;XIRECS;10009.0;3
746100;;;ASH_COATED_OSMIUM;XIRECS;10002.0;7
746800;;;ASH_COATED_OSMIUM;XIRECS;10000.0;2
747800;;;INTARIAN_PEPPER_ROOT;XIRECS;13833.0;8
748800;;;ASH_COATED_OSMIUM;XIRECS;10009.0;10
748900;;;ASH_COATED_OSMIUM;XIRECS;10009.0;5
750600;;;INTARIAN_PEPPER_ROOT;XIRECS;13839.0;5
750900;;;INTARIAN_PEPPER_ROOT;XIRECS;13840.0;6
751000;;;INTARIAN_PEPPER_ROOT;XIRECS;13828.0;3
752600;;;INTARIAN_PEPPER_ROOT;XIRECS;13830.0;6
752900;;;INTARIAN_PEPPER_ROOT;XIRECS;13844.0;4
755300;;;ASH_COATED_OSMIUM;XIRECS;10010.0;3
757900;;;INTARIAN_PEPPER_ROOT;XIRECS;13847.0;6
759700;;;INTARIAN_PEPPER_ROOT;XIRECS;13837.0;5
759800;;;ASH_COATED_OSMIUM;XIRECS;10009.0;9
760600;;;INTARIAN_PEPPER_ROOT;XIRECS;13853.0;5
764000;;;ASH_COATED_OSMIUM;XIRECS;9992.0;9
765300;;;INTARIAN_PEPPER_ROOT;XIRECS;13855.0;7
766000;;;INTARIAN_PEPPER_ROOT;XIRECS;13844.0;7
766000;;;INTARIAN_PEPPER_ROOT;XIRECS;13858.0;6
766600;;;INTARIAN_PEPPER_ROOT;XIRECS;13845.0;3
766900;;;ASH_COATED_OSMIUM;XIRECS;10010.0;5
766900;;;ASH_COATED_OSMIUM;XIRECS;9994.0;10
767400;;;ASH_COATED_OSMIUM;XIRECS;9992.0;9
767800;;;INTARIAN_PEPPER_ROOT;XIRECS;13847.0;3
771300;;;INTARIAN_PEPPER_ROOT;XIRECS;13847.0;5
772100;;;INTARIAN_PEPPER_ROOT;XIRECS;13850.0;3
773100;;;ASH_COATED_OSMIUM;XIRECS;10002.0;8
773300;;;INTARIAN_PEPPER_ROOT;XIRECS;13852.0;5
773500;;;ASH_COATED_OSMIUM;XIRECS;10002.0;2
774700;;;ASH_COATED_OSMIUM;XIRECS;9993.0;3
775000;;;INTARIAN_PEPPER_ROOT;XIRECS;13867.0;7
776100;;;INTARIAN_PEPPER_ROOT;XIRECS;13855.0;3
776500;;;INTARIAN_PEPPER_ROOT;XIRECS;13856.0;6
779300;;;INTARIAN_PEPPER_ROOT;XIRECS;13873.0;7
780100;;;ASH_COATED_OSMIUM;XIRECS;10009.0;5
782500;;;ASH_COATED_OSMIUM;XIRECS;9993.0;5
782600;;;ASH_COATED_OSMIUM;XIRECS;9995.0;4
783100;;;ASH_COATED_OSMIUM;XIRECS;10004.0;6
784700;;;ASH_COATED_OSMIUM;XIRECS;10002.0;2
785300;;;ASH_COATED_OSMIUM;XIRECS;9993.0;2
788200;;;ASH_COATED_OSMIUM;XIRECS;9995.0;6
792300;;;INTARIAN_PEPPER_ROOT;XIRECS;13887.0;3
794000;;;INTARIAN_PEPPER_ROOT;XIRECS;13873.0;4
796600;;;INTARIAN_PEPPER_ROOT;XIRECS;13877.0;7
796700;;;ASH_COATED_OSMIUM;XIRECS;9994.0;5
797200;;;INTARIAN_PEPPER_ROOT;XIRECS;13890.0;3
797300;;;ASH_COATED_OSMIUM;XIRECS;10004.0;6
801900;;;ASH_COATED_OSMIUM;XIRECS;10001.0;6
802000;;;ASH_COATED_OSMIUM;XIRECS;10000.0;6
803900;;;ASH_COATED_OSMIUM;XIRECS;10003.0;3
804500;;;ASH_COATED_OSMIUM;XIRECS;9993.0;6
806900;;;ASH_COATED_OSMIUM;XIRECS;9995.0;10
808000;;;INTARIAN_PEPPER_ROOT;XIRECS;13903.0;3
808700;;;ASH_COATED_OSMIUM;XIRECS;10009.0;7
812100;;;ASH_COATED_OSMIUM;XIRECS;10001.0;6
815100;;;INTARIAN_PEPPER_ROOT;XIRECS;13896.0;5
815700;;;INTARIAN_PEPPER_ROOT;XIRECS;13897.0;7
816700;;;INTARIAN_PEPPER_ROOT;XIRECS;13913.0;4
819400;;;INTARIAN_PEPPER_ROOT;XIRECS;13902.0;7
822000;;;INTARIAN_PEPPER_ROOT;XIRECS;13917.0;4
822900;;;INTARIAN_PEPPER_ROOT;XIRECS;13905.0;6
824800;;;INTARIAN_PEPPER_ROOT;XIRECS;13923.0;3
825700;;;ASH_COATED_OSMIUM;XIRECS;9995.0;5
825900;;;ASH_COATED_OSMIUM;XIRECS;9995.0;10
828000;;;INTARIAN_PEPPER_ROOT;XIRECS;13924.0;7
829500;;;ASH_COATED_OSMIUM;XIRECS;9991.0;5
829800;;;INTARIAN_PEPPER_ROOT;XIRECS;13912.0;3
831100;;;ASH_COATED_OSMIUM;XIRECS;10010.0;4
832000;;;ASH_COATED_OSMIUM;XIRECS;10008.0;6
832400;;;INTARIAN_PEPPER_ROOT;XIRECS;13915.0;7
833200;;;ASH_COATED_OSMIUM;XIRECS;10008.0;4
833800;;;INTARIAN_PEPPER_ROOT;XIRECS;13917.0;6
837600;;;INTARIAN_PEPPER_ROOT;XIRECS;13933.0;6
838400;;;INTARIAN_PEPPER_ROOT;XIRECS;13921.0;7
840100;;;ASH_COATED_OSMIUM;XIRECS;10001.0;8
840500;;;INTARIAN_PEPPER_ROOT;XIRECS;13924.0;4
840500;;;ASH_COATED_OSMIUM;XIRECS;10009.0;5
840600;;;ASH_COATED_OSMIUM;XIRECS;10009.0;2
841100;;;INTARIAN_PEPPER_ROOT;XIRECS;13925.0;4
842000;;;INTARIAN_PEPPER_ROOT;XIRECS;13926.0;6
842200;;;ASH_COATED_OSMIUM;XIRECS;10002.0;6
842200;;;ASH_COATED_OSMIUM;XIRECS;10010.0;3
842700;;;ASH_COATED_OSMIUM;XIRECS;9992.0;7
842700;;;ASH_COATED_OSMIUM;XIRECS;9992.0;2
845200;;;ASH_COATED_OSMIUM;XIRECS;9991.0;9
849100;;;ASH_COATED_OSMIUM;XIRECS;10001.0;2
851900;;;INTARIAN_PEPPER_ROOT;XIRECS;13936.0;7
852400;;;ASH_COATED_OSMIUM;XIRECS;10008.0;3
856400;;;ASH_COATED_OSMIUM;XIRECS;9999.0;3
860100;;;INTARIAN_PEPPER_ROOT;XIRECS;13953.0;8
862700;;;ASH_COATED_OSMIUM;XIRECS;9993.0;2
863100;;;INTARIAN_PEPPER_ROOT;XIRECS;13947.0;3
867700;;;ASH_COATED_OSMIUM;XIRECS;10001.0;6
868300;;;INTARIAN_PEPPER_ROOT;XIRECS;13954.0;3
868700;;;INTARIAN_PEPPER_ROOT;XIRECS;13967.0;6
868700;;;ASH_COATED_OSMIUM;XIRECS;10001.0;7
871100;;;ASH_COATED_OSMIUM;XIRECS;10009.0;6
872000;;;ASH_COATED_OSMIUM;XIRECS;9993.0;10
873900;;;ASH_COATED_OSMIUM;XIRECS;10010.0;5
875300;;;ASH_COATED_OSMIUM;XIRECS;9990.0;8
875500;;;ASH_COATED_OSMIUM;XIRECS;10008.0;6
877000;;;ASH_COATED_OSMIUM;XIRECS;10010.0;4
878200;;;INTARIAN_PEPPER_ROOT;XIRECS;13978.0;3
878900;;;INTARIAN_PEPPER_ROOT;XIRECS;13966.0;3
879200;;;INTARIAN_PEPPER_ROOT;XIRECS;13978.0;3
879600;;;INTARIAN_PEPPER_ROOT;XIRECS;13966.0;7
880400;;;ASH_COATED_OSMIUM;XIRECS;10009.0;6
883400;;;ASH_COATED_OSMIUM;XIRECS;9992.0;2
883500;;;ASH_COATED_OSMIUM;XIRECS;10009.0;8
883900;;;ASH_COATED_OSMIUM;XIRECS;10009.0;5
884000;;;ASH_COATED_OSMIUM;XIRECS;10000.0;5
887700;;;INTARIAN_PEPPER_ROOT;XIRECS;13975.0;5
888600;;;INTARIAN_PEPPER_ROOT;XIRECS;13977.0;8
891500;;;INTARIAN_PEPPER_ROOT;XIRECS;13992.0;5
891500;;;INTARIAN_PEPPER_ROOT;XIRECS;13978.0;5
891600;;;ASH_COATED_OSMIUM;XIRECS;9998.0;9
891700;;;ASH_COATED_OSMIUM;XIRECS;9997.0;8
894000;;;ASH_COATED_OSMIUM;XIRECS;9990.0;2
895400;;;ASH_COATED_OSMIUM;XIRECS;10001.0;5
902300;;;ASH_COATED_OSMIUM;XIRECS;9992.0;8
903100;;;ASH_COATED_OSMIUM;XIRECS;10007.0;8
903200;;;INTARIAN_PEPPER_ROOT;XIRECS;13993.0;3
903800;;;ASH_COATED_OSMIUM;XIRECS;10008.0;4
905200;;;INTARIAN_PEPPER_ROOT;XIRECS;14007.0;5
905300;;;ASH_COATED_OSMIUM;XIRECS;9996.0;3
906500;;;ASH_COATED_OSMIUM;XIRECS;9992.0;9
907500;;;ASH_COATED_OSMIUM;XIRECS;10001.0;8
907500;;;ASH_COATED_OSMIUM;XIRECS;10001.0;4
908300;;;ASH_COATED_OSMIUM;XIRECS;10004.0;4
909600;;;ASH_COATED_OSMIUM;XIRECS;10005.0;6
912100;;;INTARIAN_PEPPER_ROOT;XIRECS;14016.0;7
915300;;;ASH_COATED_OSMIUM;XIRECS;10000.0;5
916000;;;ASH_COATED_OSMIUM;XIRECS;9991.0;5
916600;;;INTARIAN_PEPPER_ROOT;XIRECS;14019.0;5
918600;;;ASH_COATED_OSMIUM;XIRECS;9992.0;2
919800;;;INTARIAN_PEPPER_ROOT;XIRECS;14009.0;6
920500;;;ASH_COATED_OSMIUM;XIRECS;9998.0;10
925500;;;INTARIAN_PEPPER_ROOT;XIRECS;14029.0;3
927000;;;ASH_COATED_OSMIUM;XIRECS;10001.0;6
928500;;;INTARIAN_PEPPER_ROOT;XIRECS;14032.0;7
928700;;;ASH_COATED_OSMIUM;XIRECS;9998.0;4
929100;;;ASH_COATED_OSMIUM;XIRECS;9994.0;10
929700;;;INTARIAN_PEPPER_ROOT;XIRECS;14020.0;7
931000;;;INTARIAN_PEPPER_ROOT;XIRECS;14035.0;3
931800;;;INTARIAN_PEPPER_ROOT;XIRECS;14023.0;4
932900;;;INTARIAN_PEPPER_ROOT;XIRECS;14040.0;6
933400;;;ASH_COATED_OSMIUM;XIRECS;9990.0;4
934600;;;INTARIAN_PEPPER_ROOT;XIRECS;14038.0;4
935000;;;INTARIAN_PEPPER_ROOT;XIRECS;14039.0;5
935000;;;INTARIAN_PEPPER_ROOT;XIRECS;14027.0;3
935900;;;ASH_COATED_OSMIUM;XIRECS;9990.0;3
936600;;;ASH_COATED_OSMIUM;XIRECS;9993.0;4
938100;;;INTARIAN_PEPPER_ROOT;XIRECS;14030.0;4
938300;;;INTARIAN_PEPPER_ROOT;XIRECS;14042.0;3
941500;;;ASH_COATED_OSMIUM;XIRECS;10010.0;6
943200;;;ASH_COATED_OSMIUM;XIRECS;10001.0;2
943500;;;ASH_COATED_OSMIUM;XIRECS;10011.0;10
944600;;;INTARIAN_PEPPER_ROOT;XIRECS;14049.0;7
944900;;;ASH_COATED_OSMIUM;XIRECS;10006.0;6
945100;;;INTARIAN_PEPPER_ROOT;XIRECS;14038.0;5
945600;;;ASH_COATED_OSMIUM;XIRECS;10000.0;6
947200;;;INTARIAN_PEPPER_ROOT;XIRECS;14055.0;7
947700;;;ASH_COATED_OSMIUM;XIRECS;10005.0;5
948700;;;ASH_COATED_OSMIUM;XIRECS;10009.0;4
952100;;;ASH_COATED_OSMIUM;XIRECS;10007.0;3
952300;;;ASH_COATED_OSMIUM;XIRECS;10007.0;4
952800;;;ASH_COATED_OSMIUM;XIRECS;9993.0;6
955100;;;ASH_COATED_OSMIUM;XIRECS;9999.0;5
956200;;;ASH_COATED_OSMIUM;XIRECS;9992.0;4
964400;;;INTARIAN_PEPPER_ROOT;XIRECS;14071.0;6
964500;;;ASH_COATED_OSMIUM;XIRECS;9999.0;7
964600;;;ASH_COATED_OSMIUM;XIRECS;10008.0;2
965100;;;ASH_COATED_OSMIUM;XIRECS;10008.0;6
965400;;;INTARIAN_PEPPER_ROOT;XIRECS;14073.0;7
965600;;;INTARIAN_PEPPER_ROOT;XIRECS;14060.0;3
966300;;;ASH_COATED_OSMIUM;XIRECS;10008.0;4
966300;;;ASH_COATED_OSMIUM;XIRECS;9992.0;5
966900;;;INTARIAN_PEPPER_ROOT;XIRECS;14062.0;3
967100;;;INTARIAN_PEPPER_ROOT;XIRECS;14061.0;3
970900;;;ASH_COATED_OSMIUM;XIRECS;9993.0;6
970900;;;ASH_COATED_OSMIUM;XIRECS;9993.0;6
971700;;;ASH_COATED_OSMIUM;XIRECS;9999.0;6
971900;;;ASH_COATED_OSMIUM;XIRECS;9999.0;4
974100;;;ASH_COATED_OSMIUM;XIRECS;10009.0;5
976300;;;INTARIAN_PEPPER_ROOT;XIRECS;14084.0;4
976800;;;INTARIAN_PEPPER_ROOT;XIRECS;14070.0;4
977500;;;INTARIAN_PEPPER_ROOT;XIRECS;14072.0;4
978100;;;ASH_COATED_OSMIUM;XIRECS;9991.0;2
981300;;;INTARIAN_PEPPER_ROOT;XIRECS;14087.0;4
981800;;;ASH_COATED_OSMIUM;XIRECS;10004.0;2
983100;;;INTARIAN_PEPPER_ROOT;XIRECS;14078.0;6
984400;;;ASH_COATED_OSMIUM;XIRECS;9999.0;2
984700;;;ASH_COATED_OSMIUM;XIRECS;9991.0;6
985900;;;ASH_COATED_OSMIUM;XIRECS;9992.0;2
985900;;;ASH_COATED_OSMIUM;XIRECS;10000.0;10
988700;;;INTARIAN_PEPPER_ROOT;XIRECS;14097.0;3
989100;;;ASH_COATED_OSMIUM;XIRECS;9999.0;2
990900;;;INTARIAN_PEPPER_ROOT;XIRECS;14100.0;7
995000;;;ASH_COATED_OSMIUM;XIRECS;10009.0;3
995500;;;INTARIAN_PEPPER_ROOT;XIRECS;14106.0;7
996200;;;INTARIAN_PEPPER_ROOT;XIRECS;14092.0;5