timestamp;buyer;seller;symbol;currency;price;quantity
600;;;INTARIAN_PEPPER_ROOT;XIRECS;13008.0;6
1400;;;INTARIAN_PEPPER_ROOT;XIRECS;13003.0;8
5300;;;INTARIAN_PEPPER_ROOT;XIRECS;12991.0;6
5400;;;ASH_COATED_OSMIUM;XIRECS;10006.0;5
6100;;;INTARIAN_PEPPER_ROOT;XIRECS;12989.0;4
6100;;;ASH_COATED_OSMIUM;XIRECS;10002.0;6
6400;;;ASH_COATED_OSMIUM;XIRECS;9993.0;3
7000;;;ASH_COATED_OSMIUM;XIRECS;9992.0;6
7200;;;ASH_COATED_OSMIUM;XIRECS;10000.0;3
11400;;;INTARIAN_PEPPER_ROOT;XIRECS;12983.0;5
14300;;;ASH_COATED_OSMIUM;XIRECS;9991.0;6
14600;;;ASH_COATED_OSMIUM;XIRECS;10008.0;9
15100;;;ASH_COATED_OSMIUM;XIRECS;10001.0;2
15400;;;ASH_COATED_OSMIUM;XIRECS;9993.0;6
16700;;;ASH_COATED_OSMIUM;XIRECS;9992.0;5
16800;;;ASH_COATED_OSMIUM;XIRECS;9992.0;6
17000;;;ASH_COATED_OSMIUM;XIRECS;10000.0;4
19700;;;ASH_COATED_OSMIUM;XIRECS;9993.0;3
20100;;;ASH_COATED_OSMIUM;XIRECS;10002.0;2
20800;;;INTARIAN_PEPPER_ROOT;XIRECS;12987.0;3
25100;;;INTARIAN_PEPPER_ROOT;XIRECS;12984.0;4
25700;;;INTARIAN_PEPPER_ROOT;XIRECS;12968.0;3
26000;;;INTARIAN_PEPPER_ROOT;XIRECS;12968.0;4
26200;;;INTARIAN_PEPPER_ROOT;XIRECS;12967.0;4
28100;;;ASH_COATED_OSMIUM;XIRECS;9991.0;2
28400;;;ASH_COATED_OSMIUM;XIRECS;10007.0;8
29600;;;ASH_COATED_OSMIUM;XIRECS;10000.0;3
29800;;;INTARIAN_PEPPER_ROOT;XIRECS;12977.0;3
29900;;;ASH_COATED_OSMIUM;XIRECS;10001.0;8
30600;;;ASH_COATED_OSMIUM;XIRECS;10000.0;6
31300;;;ASH_COATED_OSMIUM;XIRECS;9992.0;2
31600;;;ASH_COATED_OSMIUM;XIRECS;9992.0;4
32500;;;INTARIAN_PEPPER_ROOT;XIRECS;12959.0;4
33100;;;INTARIAN_PEPPER_ROOT;XIRECS;12961.0;3
34900;;;ASH_COATED_OSMIUM;XIRECS;10008.0;10
35700;;;INTARIAN_PEPPER_ROOT;XIRECS;12956.0;8
37200;;;INTARIAN_PEPPER_ROOT;XIRECS;12968.0;3
38400;;;ASH_COATED_OSMIUM;XIRECS;10008.0;2
38600;;;INTARIAN_PEPPER_ROOT;XIRECS;12967.0;3
38900;;;ASH_COATED_OSMIUM;XIRECS;10000.0;6
39300;;;INTARIAN_PEPPER_ROOT;XIRECS;12954.0;7
39600;;;ASH_COATED_OSMIUM;XIRECS;10010.0;2
40300;;;ASH_COATED_OSMIUM;XIRECS;9993.0;6
42900;;;ASH_COATED_OSMIUM;XIRECS;10000.0;7
44000;;;ASH_COATED_OSMIUM;XIRECS;10009.0;7
44800;;;INTARIAN_PEPPER_ROOT;XIRECS;12962.0;3
45100;;;INTARIAN_PEPPER_ROOT;XIRECS;12947.0;7
45200;;;ASH_COATED_OSMIUM;XIRECS;10010.0;4
48000;;;ASH_COATED_OSMIUM;XIRECS;10009.0;6
48900;;;ASH_COATED_OSMIUM;XIRECS;10002.0;2
50500;;;INTARIAN_PEPPER_ROOT;XIRECS;12956.0;3
53500;;;ASH_COATED_OSMIUM;XIRECS;9990.0;2
54700;;;INTARIAN_PEPPER_ROOT;XIRECS;12935.0;6
54700;;;ASH_COATED_OSMIUM;XIRECS;10000.0;8
59900;;;ASH_COATED_OSMIUM;XIRECS;10001.0;7
60400;;;ASH_COATED_OSMIUM;XIRECS;9992.0;6
61300;;;ASH_COATED_OSMIUM;XIRECS;10001.0;6
64000;;;ASH_COATED_OSMIUM;XIRECS;10010.0;6
65900;;;ASH_COATED_OSMIUM;XIRECS;9993.0;2
66900;;;INTARIAN_PEPPER_ROOT;XIRECS;12923.0;8
68000;;;ASH_COATED_OSMIUM;XIRECS;10008.0;6
68300;;;INTARIAN_PEPPER_ROOT;XIRECS;12920.0;3
68800;;;ASH_COATED_OSMIUM;XIRECS;9993.0;3
69800;;;ASH_COATED_OSMIUM;XIRECS;9992.0;4
69800;;;ASH_COATED_OSMIUM;XIRECS;9999.0;3
69800;;;ASH_COATED_OSMIUM;XIRECS;9992.0;4
70700;;;INTARIAN_PEPPER_ROOT;XIRECS;12934.0;3
77300;;;ASH_COATED_OSMIUM;XIRECS;9993.0;8
77600;;;INTARIAN_PEPPER_ROOT;XIRECS;12925.0;4
81900;;;ASH_COATED_OSMIUM;XIRECS;9994.0;9
83400;;;INTARIAN_PEPPER_ROOT;XIRECS;12919.0;3
84300;;;ASH_COATED_OSMIUM;XIRECS;10002.0;2
84900;;;ASH_COATED_OSMIUM;XIRECS;10001.0;6
88300;;;ASH_COATED_OSMIUM;XIRECS;9990.0;3
89200;;;ASH_COATED_OSMIUM;XIRECS;9991.0;6
90200;;;INTARIAN_PEPPER_ROOT;XIRECS;12911.0;7
90200;;;ASH_COATED_OSMIUM;XIRECS;10009.0;7
91300;;;ASH_COATED_OSMIUM;XIRECS;10009.0;5
93400;;;INTARIAN_PEPPER_ROOT;XIRECS;12896.0;7
95600;;;INTARIAN_PEPPER_ROOT;XIRECS;12893.0;3
95700;;;INTARIAN_PEPPER_ROOT;XIRECS;12893.0;3
97600;;;ASH_COATED_OSMIUM;XIRECS;10010.0;4
98100;;;ASH_COATED_OSMIUM;XIRECS;10004.0;3
98100;;;ASH_COATED_OSMIUM;XIRECS;10004.0;10
98400;;;INTARIAN_PEPPER_ROOT;XIRECS;12903.0;6
101400;;;INTARIAN_PEPPER_ROOT;XIRECS;12886.0;3
102400;;;ASH_COATED_OSMIUM;XIRECS;10001.0;6
102900;;;INTARIAN_PEPPER_ROOT;XIRECS;12897.0;3
107100;;;ASH_COATED_OSMIUM;XIRECS;9992.0;5
111200;;;ASH_COATED_OSMIUM;XIRECS;9993.0;6
114100;;;ASH_COATED_OSMIUM;XIRECS;9992.0;4
114200;;;INTARIAN_PEPPER_ROOT;XIRECS;12874.0;7
115600;;;ASH_COATED_OSMIUM;XIRECS;9993.0;4
116400;;;INTARIAN_PEPPER_ROOT;XIRECS;12882.0;4
117000;;;INTARIAN_PEPPER_ROOT;XIRECS;12870.0;7
119800;;;ASH_COATED_OSMIUM;XIRECS;9993.0;2
120400;;;INTARIAN_PEPPER_ROOT;XIRECS;12866.0;5
120400;;;ASH_COATED_OSMIUM;XIRECS;9992.0;6
120600;;;ASH_COATED_OSMIUM;XIRECS;9993.0;3
120700;;;ASH_COATED_OSMIUM;XIRECS;10009.0;4
121400;;;ASH_COATED_OSMIUM;XIRECS;9995.0;2
124500;;;INTARIAN_PEPPER_ROOT;XIRECS;12862.0;7
125000;;;INTARIAN_PEPPER_ROOT;XIRECS;12860.0;5
126500;;;ASH_COATED_OSMIUM;XIRECS;10001.0;2
128000;;;INTARIAN_PEPPER_ROOT;XIRECS;12858.0;7
129600;;;INTARIAN_PEPPER_ROOT;XIRECS;12854.0;3
132600;;;INTARIAN_PEPPER_ROOT;XIRECS;12865.0;5
137900;;;ASH_COATED_OSMIUM;XIRECS;10009.0;6
139400;;;ASH_COATED_OSMIUM;XIRECS;9993.0;6
141800;;;ASH_COATED_OSMIUM;XIRECS;10008.0;2
144900;;;ASH_COATED_OSMIUM;XIRECS;10010.0;6
145600;;;INTARIAN_PEPPER_ROOT;XIRECS;12854.0;7
145700;;;INTARIAN_PEPPER_ROOT;XIRECS;12851.0;6
146300;;;ASH_COATED_OSMIUM;XIRECS;10001.0;2
147200;;;ASH_COATED_OSMIUM;XIRECS;10000.0;3
147400;;;INTARIAN_PEPPER_ROOT;XIRECS;12850.0;3
152700;;;ASH_COATED_OSMIUM;XIRECS;10001.0;7
154700;;;ASH_COATED_OSMIUM;XIRECS;10007.0;5
156100;;;ASH_COATED_OSMIUM;XIRECS;9992.0;2
156500;;;ASH_COATED_OSMIUM;XIRECS;9991.0;5
157500;;;ASH_COATED_OSMIUM;XIRECS;10009.0;5
158100;;;ASH_COATED_OSMIUM;XIRECS;9993.0;5
158200;;;ASH_COATED_OSMIUM;XIRECS;10008.0;5
160500;;;INTARIAN_PEPPER_ROOT;XIRECS;12822.0;3
161000;;;INTARIAN_PEPPER_ROOT;XIRECS;12822.0;5
163000;;;ASH_COATED_OSMIUM;XIRECS;10000.0;7
163400;;;INTARIAN_PEPPER_ROOT;XIRECS;12832.0;7
163600;;;INTARIAN_PEPPER_ROOT;XIRECS;12832.0;7
166900;;;INTARIAN_PEPPER_ROOT;XIRECS;12828.0;6
167000;;;INTARIAN_PEPPER_ROOT;XIRECS;12816.0;5
170200;;;ASH_COATED_OSMIUM;XIRECS;9999.0;4
170900;;;ASH_COATED_OSMIUM;XIRECS;10008.0;2
171500;;;ASH_COATED_OSMIUM;XIRECS;10007.0;5
173100;;;INTARIAN_PEPPER_ROOT;XIRECS;12821.0;8
173300;;;INTARIAN_PEPPER_ROOT;XIRECS;12808.0;3
173700;;;ASH_COATED_OSMIUM;XIRECS;9993.0;5
174800;;;INTARIAN_PEPPER_ROOT;XIRECS;12807.0;6
175000;;;ASH_COATED_OSMIUM;XIRECS;10008.0;4
175400;;;ASH_COATED_OSMIUM;XIRECS;9995.0;5
175800;;;INTARIAN_PEPPER_ROOT;XIRECS;12806.0;8
176500;;;ASH_COATED_OSMIUM;XIRECS;10008.0;6
178100;;;INTARIAN_PEPPER_ROOT;XIRECS;12817.0;4
178400;;;INTARIAN_PEPPER_ROOT;XIRECS;12818.0;6
179600;;;INTARIAN_PEPPER_ROOT;XIRECS;12815.0;6
179800;;;INTARIAN_PEPPER_ROOT;XIRECS;12816.0;4
180100;;;INTARIAN_PEPPER_ROOT;XIRECS;12815.0;8
182100;;;ASH_COATED_OSMIUM;XIRECS;9991.0;4
182600;;;INTARIAN_PEPPER_ROOT;XIRECS;12812.0;5
183100;;;ASH_COATED_OSMIUM;XIRECS;9993.0;2
183500;;;INTARIAN_PEPPER_ROOT;XIRECS;12811.0;6
183700;;;INTARIAN_PEPPER_ROOT;XIRECS;12811.0;3
189600;;;INTARIAN_PEPPER_ROOT;XIRECS;12791.0;6
190800;;;INTARIAN_PEPPER_ROOT;XIRECS;12791.0;4
191800;;;INTARIAN_PEPPER_ROOT;XIRECS;12802.0;3
193100;;;INTARIAN_PEPPER_ROOT;XIRECS;12802.0;7
194100;;;ASH_COATED_OSMIUM;XIRECS;9993.0;6
194200;;;ASH_COATED_OSMIUM;XIRECS;9992.0;3
199300;;;ASH_COATED_OSMIUM;XIRECS;9993.0;7
199400;;;INTARIAN_PEPPER_ROOT;XIRECS;12781.0;7
199600;;;ASH_COATED_OSMIUM;XIRECS;9993.0;5
201600;;;ASH_COATED_OSMIUM;XIRECS;10001.0;5
201600;;;ASH_COATED_OSMIUM;XIRECS;9993.0;4
203300;;;ASH_COATED_OSMIUM;XIRECS;9992.0;10
205100;;;ASH_COATED_OSMIUM;XIRECS;9999.0;6
205300;;;ASH_COATED_OSMIUM;XIRECS;9990.0;6
207800;;;INTARIAN_PEPPER_ROOT;XIRECS;12785.0;4
211000;;;ASH_COATED_OSMIUM;XIRECS;9993.0;6
219600;;;INTARIAN_PEPPER_ROOT;XIRECS;12759.0;6
222200;;;ASH_COATED_OSMIUM;XIRECS;10000.0;3
222600;;;INTARIAN_PEPPER_ROOT;XIRECS;12769.0;5
225000;;;INTARIAN_PEPPER_ROOT;XIRECS;12752.0;4
225000;;;ASH_COATED_OSMIUM;XIRECS;9992.0;6
226300;;;ASH_COATED_OSMIUM;XIRECS;10011.0;4
227800;;;INTARIAN_PEPPER_ROOT;XIRECS;12761.0;5
232200;;;INTARIAN_PEPPER_ROOT;XIRECS;12758.0;6
232900;;;INTARIAN_PEPPER_ROOT;XIRECS;12745.0;6
235000;;;INTARIAN_PEPPER_ROOT;XIRECS;12755.0;6
239200;;;ASH_COATED_OSMIUM;XIRECS;10009.0;3
239900;;;INTARIAN_PEPPER_ROOT;XIRECS;12736.0;7
241400;;;INTARIAN_PEPPER_ROOT;XIRECS;12734.0;5
246100;;;ASH_COATED_OSMIUM;XIRECS;10008.0;5
246300;;;INTARIAN_PEPPER_ROOT;XIRECS;12742.0;6
246400;;;ASH_COATED_OSMIUM;XIRECS;9991.0;8
247300;;;ASH_COATED_OSMIUM;XIRECS;9995.0;9
250100;;;INTARIAN_PEPPER_ROOT;XIRECS;12726.0;7
250200;;;ASH_COATED_OSMIUM;XIRECS;9997.0;6
251300;;;ASH_COATED_OSMIUM;XIRECS;9995.0;5
253000;;;INTARIAN_PEPPER_ROOT;XIRECS;12737.0;3
253200;;;ASH_COATED_OSMIUM;XIRECS;10001.0;3
254000;;;INTARIAN_PEPPER_ROOT;XIRECS;12733.0;3
255000;;;ASH_COATED_OSMIUM;XIRECS;9988.0;6
255400;;;ASH_COATED_OSMIUM;XIRECS;10006.0;9
255800;;;INTARIAN_PEPPER_ROOT;XIRECS;12719.0;7
256300;;;INTARIAN_PEPPER_ROOT;XIRECS;12719.0;4
257000;;;INTARIAN_PEPPER_ROOT;XIRECS;12733.0;4
257600;;;INTARIAN_PEPPER_ROOT;XIRECS;12718.0;6
259800;;;INTARIAN_PEPPER_ROOT;XIRECS;12728.0;4
260100;;;INTARIAN_PEPPER_ROOT;XIRECS;12727.0;4
260800;;;INTARIAN_PEPPER_ROOT;XIRECS;12712.0;7
260900;;;ASH_COATED_OSMIUM;XIRECS;10009.0;4
261200;;;ASH_COATED_OSMIUM;XIRECS;9992.0;4
265100;;;ASH_COATED_OSMIUM;XIRECS;9992.0;6
265200;;;ASH_COATED_OSMIUM;XIRECS;10009.0;4
265400;;;ASH_COATED_OSMIUM;XIRECS;10010.0;5
269900;;;INTARIAN_PEPPER_ROOT;XIRECS;12716.0;8
270400;;;INTARIAN_PEPPER_ROOT;XIRECS;12717.0;6
270700;;;ASH_COATED_OSMIUM;XIRECS;9993.0;2
271600;;;ASH_COATED_OSMIUM;XIRECS;10007.0;5
275200;;;ASH_COATED_OSMIUM;XIRECS;9992.0;9
276100;;;ASH_COATED_OSMIUM;XIRECS;10009.0;6
276800;;;INTARIAN_PEPPER_ROOT;XIRECS;12709.0;6
280300;;;ASH_COATED_OSMIUM;XIRECS;9993.0;5
280600;;;ASH_COATED_OSMIUM;XIRECS;9992.0;3
281100;;;ASH_COATED_OSMIUM;XIRECS;10000.0;2
286700;;;ASH_COATED_OSMIUM;XIRECS;9999.0;6
287200;;;ASH_COATED_OSMIUM;XIRECS;9990.0;6
290300;;;INTARIAN_PEPPER_ROOT;XIRECS;12695.0;4
297000;;;INTARIAN_PEPPER_ROOT;XIRECS;12675.0;5
301300;;;INTARIAN_PEPPER_ROOT;XIRECS;12682.0;6
303600;;;ASH_COATED_OSMIUM;XIRECS;9992.0;4
304900;;;INTARIAN_PEPPER_ROOT;XIRECS;12679.0;7
306000;;;ASH_COATED_OSMIUM;XIRECS;10000.0;2
306400;;;ASH_COATED_OSMIUM;XIRECS;9992.0;7
307200;;;ASH_COATED_OSMIUM;XIRECS;9993.0;5
309300;;;INTARIAN_PEPPER_ROOT;XIRECS;12661.0;3
309300;;;ASH_COATED_OSMIUM;XIRECS;10012.0;2
311300;;;ASH_COATED_OSMIUM;XIRECS;9991.0;5
312000;;;INTARIAN_PEPPER_ROOT;XIRECS;12659.0;4
312400;;;ASH_COATED_OSMIUM;XIRECS;10000.0;3
312600;;;ASH_COATED_OSMIUM;XIRECS;9992.0;3
314400;;;INTARIAN_PEPPER_ROOT;XIRECS;12668.0;6
314400;;;INTARIAN_PEPPER_ROOT;XIRECS;12668.0;5
314500;;;ASH_COATED_OSMIUM;XIRECS;10011.0;3
316100;;;ASH_COATED_OSMIUM;XIRECS;10010.0;7
316800;;;INTARIAN_PEPPER_ROOT;XIRECS;12653.0;4
317000;;;ASH_COATED_OSMIUM;XIRECS;10011.0;10
317300;;;INTARIAN_PEPPER_ROOT;XIRECS;12665.0;7
318700;;;ASH_COATED_OSMIUM;XIRECS;10007.0;5
319600;;;ASH_COATED_OSMIUM;XIRECS;10000.0;2
321600;;;ASH_COATED_OSMIUM;XIRECS;9993.0;3
322800;;;INTARIAN_PEPPER_ROOT;XIRECS;12647.0;5
323200;;;INTARIAN_PEPPER_ROOT;XIRECS;12646.0;5
323600;;;ASH_COATED_OSMIUM;XIRECS;10002.0;4
323800;;;INTARIAN_PEPPER_ROOT;XIRECS;12658.0;3
324300;;;ASH_COATED_OSMIUM;XIRECS;9994.0;4
325400;;;ASH_COATED_OSMIUM;XIRECS;10001.0;5
326400;;;INTARIAN_PEPPER_ROOT;XIRECS;12655.0;3
327300;;;INTARIAN_PEPPER_ROOT;XIRECS;12655.0;5
327400;;;ASH_COATED_OSMIUM;XIRECS;9999.0;4
327700;;;ASH_COATED_OSMIUM;XIRECS;9992.0;6
329800;;;ASH_COATED_OSMIUM;XIRECS;10008.0;6
331300;;;ASH_COATED_OSMIUM;XIRECS;10008.0;4
331400;;;INTARIAN_PEPPER_ROOT;XIRECS;12635.0;7
333000;;;INTARIAN_PEPPER_ROOT;XIRECS;12649.0;6
336200;;;ASH_COATED_OSMIUM;XIRECS;9993.0;9
336300;;;INTARIAN_PEPPER_ROOT;XIRECS;12631.0;3
337500;;;ASH_COATED_OSMIUM;XIRECS;10007.0;5
339500;;;INTARIAN_PEPPER_ROOT;XIRECS;12642.0;3
339800;;;ASH_COATED_OSMIUM;XIRECS;10010.0;7
341600;;;ASH_COATED_OSMIUM;XIRECS;9994.0;10
341800;;;ASH_COATED_OSMIUM;XIRECS;9994.0;4
343900;;;INTARIAN_PEPPER_ROOT;XIRECS;12636.0;4
343900;;;ASH_COATED_OSMIUM;XIRECS;10001.0;2
345000;;;ASH_COATED_OSMIUM;XIRECS;10010.0;7
348300;;;ASH_COATED_OSMIUM;XIRECS;10001.0;7
351600;;;ASH_COATED_OSMIUM;XIRECS;10010.0;7
352700;;;INTARIAN_PEPPER_ROOT;XIRECS;12627.0;7
353200;;;INTARIAN_PEPPER_ROOT;XIRECS;12613.0;3
353600;;;ASH_COATED_OSMIUM;XIRECS;10004.0;2
354200;;;INTARIAN_PEPPER_ROOT;XIRECS;12625.0;5
354700;;;INTARIAN_PEPPER_ROOT;XIRECS;12619.0;6
356700;;;INTARIAN_PEPPER_ROOT;XIRECS;12624.0;4
360400;;;ASH_COATED_OSMIUM;XIRECS;10000.0;8
360800;;;ASH_COATED_OSMIUM;XIRECS;10008.0;4
362500;;;INTARIAN_PEPPER_ROOT;XIRECS;12604.0;8
363900;;;ASH_COATED_OSMIUM;XIRECS;9991.0;10
365900;;;ASH_COATED_OSMIUM;XIRECS;9990.0;6
368800;;;ASH_COATED_OSMIUM;XIRECS;10000.0;9
370500;;;INTARIAN_PEPPER_ROOT;XIRECS;12608.0;3
370600;;;ASH_COATED_OSMIUM;XIRECS;9993.0;6
371800;;;INTARIAN_PEPPER_ROOT;XIRECS;12606.0;3
373500;;;ASH_COATED_OSMIUM;XIRECS;9993.0;4
374600;;;ASH_COATED_OSMIUM;XIRECS;9993.0;8
375200;;;ASH_COATED_OSMIUM;XIRECS;10009.0;9
376000;;;INTARIAN_PEPPER_ROOT;XIRECS;12589.0;5
376900;;;ASH_COATED_OSMIUM;XIRECS;10010.0;3
380300;;;ASH_COATED_OSMIUM;XIRECS;10007.0;4
380900;;;INTARIAN_PEPPER_ROOT;XIRECS;12597.0;5
383600;;;ASH_COATED_OSMIUM;XIRECS;10007.0;3
384800;;;ASH_COATED_OSMIUM;XIRECS;10007.0;10
386700;;;INTARIAN_PEPPER_ROOT;XIRECS;12592.0;3
387100;;;INTARIAN_PEPPER_ROOT;XIRECS;12577.0;4
387600;;;ASH_COATED_OSMIUM;XIRECS;10002.0;5
387700;;;ASH_COATED_OSMIUM;XIRECS;9998.0;2
388700;;;ASH_COATED_OSMIUM;XIRECS;10008.0;9
390900;;;INTARIAN_PEPPER_ROOT;XIRECS;12586.0;3
394600;;;ASH_COATED_OSMIUM;XIRECS;9993.0;5
397900;;;INTARIAN_PEPPER_ROOT;XIRECS;12565.0;3
399200;;;ASH_COATED_OSMIUM;XIRECS;10002.0;3
399500;;;ASH_COATED_OSMIUM;XIRECS;10003.0;6
399900;;;INTARIAN_PEPPER_ROOT;XIRECS;12575.0;4
400300;;;ASH_COATED_OSMIUM;XIRECS;9994.0;9
401200;;;INTARIAN_PEPPER_ROOT;XIRECS;12560.0;6
402000;;;ASH_COATED_OSMIUM;XIRECS;10008.0;6
404200;;;INTARIAN_PEPPER_ROOT;XIRECS;12570.0;6
406100;;;ASH_COATED_OSMIUM;XIRECS;9997.0;4
406300;;;INTARIAN_PEPPER_ROOT;XIRECS;12556.0;6
407400;;;INTARIAN_PEPPER_ROOT;XIRECS;12554.0;4
410400;;;INTARIAN_PEPPER_ROOT;XIRECS;12562.0;5
411600;;;INTARIAN_PEPPER_ROOT;XIRECS;12563.0;5
411600;;;ASH_COATED_OSMIUM;XIRECS;9993.0;5
411800;;;INTARIAN_PEPPER_ROOT;XIRECS;12550.0;5
416400;;;ASH_COATED_OSMIUM;XIRECS;10010.0;5
418700;;;ASH_COATED_OSMIUM;XIRECS;10009.0;6
419100;;;INTARIAN_PEPPER_ROOT;XIRECS;12555.0;3
419200;;;INTARIAN_PEPPER_ROOT;XIRECS;12555.0;7
419400;;;ASH_COATED_OSMIUM;XIRECS;10007.0;9
419400;;;ASH_COATED_OSMIUM;XIRECS;10007.0;7
421200;;;ASH_COATED_OSMIUM;XIRECS;9991.0;3
421700;;;ASH_COATED_OSMIUM;XIRECS;10000.0;5
422200;;;ASH_COATED_OSMIUM;XIRECS;9996.0;3
422500;;;ASH_COATED_OSMIUM;XIRECS;10001.0;5
425900;;;ASH_COATED_OSMIUM;XIRECS;9999.0;3
426700;;;INTARIAN_PEPPER_ROOT;XIRECS;12533.0;4
429400;;;INTARIAN_PEPPER_ROOT;XIRECS;12544.0;6
430000;;;INTARIAN_PEPPER_ROOT;XIRECS;12543.0;7
431700;;;ASH_COATED_OSMIUM;XIRECS;9991.0;5
433000;;;ASH_COATED_OSMIUM;XIRECS;10008.0;7
435200;;;INTARIAN_PEPPER_ROOT;XIRECS;12525.0;4
438000;;;ASH_COATED_OSMIUM;XIRECS;10009.0;7
438100;;;ASH_COATED_OSMIUM;XIRECS;10001.0;2
439700;;;INTARIAN_PEPPER_ROOT;XIRECS;12533.0;3
439900;;;INTARIAN_PEPPER_ROOT;XIRECS;12518.0;5
440400;;;ASH_COATED_OSMIUM;XIRECS;9999.0;7
441400;;;ASH_COATED_OSMIUM;XIRECS;9991.0;9
441500;;;ASH_COATED_OSMIUM;XIRECS;9991.0;6
443100;;;ASH_COATED_OSMIUM;XIRECS;10001.0;4
443600;;;INTARIAN_PEPPER_ROOT;XIRECS;12528.0;3
445400;;;ASH_COATED_OSMIUM;XIRECS;10006.0;10
445800;;;INTARIAN_PEPPER_ROOT;XIRECS;12512.0;6
446000;;;ASH_COATED_OSMIUM;XIRECS;10007.0;2
446500;;;INTARIAN_PEPPER_ROOT;XIRECS;12525.0;3
448000;;;ASH_COATED_OSMIUM;XIRECS;10000.0;6
448400;;;ASH_COATED_OSMIUM;XIRECS;9993.0;6
451000;;;ASH_COATED_OSMIUM;XIRECS;9992.0;9
452300;;;INTARIAN_PEPPER_ROOT;XIRECS;12521.0;7
454300;;;INTARIAN_PEPPER_ROOT;XIRECS;12516.0;3
454900;;;ASH_COATED_OSMIUM;XIRECS;10005.0;2
456800;;;INTARIAN_PEPPER_ROOT;XIRECS;12513.0;4
459000;;;ASH_COATED_OSMIUM;XIRECS;10008.0;7
460200;;;ASH_COATED_OSMIUM;XIRECS;10000.0;2
460400;;;ASH_COATED_OSMIUM;XIRECS;10007.0;5
463400;;;INTARIAN_PEPPER_ROOT;XIRECS;12506.0;5
463400;;;ASH_COATED_OSMIUM;XIRECS;10001.0;3
465400;;;INTARIAN_PEPPER_ROOT;XIRECS;12492.0;5
466500;;;INTARIAN_PEPPER_ROOT;XIRECS;12491.0;7
467200;;;INTARIAN_PEPPER_ROOT;XIRECS;12503.0;4
467800;;;INTARIAN_PEPPER_ROOT;XIRECS;12501.0;6
468400;;;INTARIAN_PEPPER_ROOT;XIRECS;12489.0;7
469700;;;ASH_COATED_OSMIUM;XIRECS;10007.0;2
473100;;;INTARIAN_PEPPER_ROOT;XIRECS;12496.0;3
474200;;;ASH_COATED_OSMIUM;XIRECS;10011.0;9
475000;;;INTARIAN_PEPPER_ROOT;XIRECS;12495.0;7
476100;;;INTARIAN_PEPPER_ROOT;XIRECS;12480.0;4
478200;;;INTARIAN_PEPPER_ROOT;XIRECS;12492.0;4
478300;;;ASH_COATED_OSMIUM;XIRECS;9992.0;6
478400;;;ASH_COATED_OSMIUM;XIRECS;9997.0;5
482000;;;ASH_COATED_OSMIUM;XIRECS;10003.0;4
483500;;;ASH_COATED_OSMIUM;XIRECS;10001.0;7
483700;;;ASH_COATED_OSMIUM;XIRECS;10001.0;6
485100;;;ASH_COATED_OSMIUM;XIRECS;9992.0;2
485800;;;ASH_COATED_OSMIUM;XIRECS;10002.0;6
486200;;;ASH_COATED_OSMIUM;XIRECS;10001.0;10
487500;;;ASH_COATED_OSMIUM;XIRECS;10000.0;4
488600;;;INTARIAN_PEPPER_ROOT;XIRECS;12467.0;3
489400;;;ASH_COATED_OSMIUM;XIRECS;10009.0;3
491800;;;ASH_COATED_OSMIUM;XIRECS;10000.0;2
494400;;;ASH_COATED_OSMIUM;XIRECS;9993.0;4
494600;;;ASH_COATED_OSMIUM;XIRECS;10003.0;2
495800;;;ASH_COATED_OSMIUM;XIRECS;10002.0;2
498000;;;ASH_COATED_OSMIUM;XIRECS;10000.0;3
499100;;;INTARIAN_PEPPER_ROOT;XIRECS;12470.0;7
501500;;;INTARIAN_PEPPER_ROOT;XIRECS;12466.0;3
504300;;;ASH_COATED_OSMIUM;XIRECS;10002.0;5
504500;;;INTARIAN_PEPPER_ROOT;XIRECS;12462.0;3
504500;;;INTARIAN_PEPPER_ROOT;XIRECS;12450.0;7
505400;;;ASH_COATED_OSMIUM;XIRECS;9992.0;5
505900;;;INTARIAN_PEPPER_ROOT;XIRECS;12463.0;3
508100;;;INTARIAN_PEPPER_ROOT;XIRECS;12459.0;8
510800;;;INTARIAN_PEPPER_ROOT;XIRECS;12443.0;5
511400;;;ASH_COATED_OSMIUM;XIRECS;10000.0;3
513000;;;ASH_COATED_OSMIUM;XIRECS;10001.0;5
518200;;;INTARIAN_PEPPER_ROOT;XIRECS;12448.0;6
519200;;;INTARIAN_PEPPER_ROOT;XIRECS;12447.0;4
520300;;;ASH_COATED_OSMIUM;XIRECS;9996.0;4
521500;;;ASH_COATED_OSMIUM;XIRECS;9991.0;2
521800;;;ASH_COATED_OSMIUM;XIRECS;10001.0;5
526200;;;ASH_COATED_OSMIUM;XIRECS;10007.0;2
526300;;;ASH_COATED_OSMIUM;XIRECS;9999.0;6
527500;;;INTARIAN_PEPPER_ROOT;XIRECS;12439.0;4
527500;;;INTARIAN_PEPPER_ROOT;XIRECS;12425.0;6
528000;;;ASH_COATED_OSMIUM;XIRECS;9995.0;4
529300;;;INTARIAN_PEPPER_ROOT;XIRECS;12436.0;8
530000;;;INTARIAN_PEPPER_ROOT;XIRECS;12421.0;5
530900;;;INTARIAN_PEPPER_ROOT;XIRECS;12419.0;3
530900;;;ASH_COATED_OSMIUM;XIRECS;9994.0;3
531200;;;INTARIAN_PEPPER_ROOT;XIRECS;12434.0;5
533100;;;INTARIAN_PEPPER_ROOT;XIRECS;12418.0;7
533300;;;ASH_COATED_OSMIUM;XIRECS;9991.0;2
533400;;;INTARIAN_PEPPER_ROOT;XIRECS;12430.0;4
533700;;;ASH_COATED_OSMIUM;XIRECS;10001.0;3
534300;;;INTARIAN_PEPPER_ROOT;XIRECS;12417.0;7
535000;;;ASH_COATED_OSMIUM;XIRECS;10010.0;6
536900;;;INTARIAN_PEPPER_ROOT;XIRECS;12415.0;5
536900;;;INTARIAN_PEPPER_ROOT;XIRECS;12415.0;7
537400;;;ASH_COATED_OSMIUM;XIRECS;10000.0;5
537900;;;INTARIAN_PEPPER_ROOT;XIRECS;12413.0;7
538500;;;ASH_COATED_OSMIUM;XIRECS;10010.0;7
539700;;;ASH_COATED_OSMIUM;XIRECS;10001.0;4
541700;;;ASH_COATED_OSMIUM;XIRECS;9992.0;3
542300;;;INTARIAN_PEPPER_ROOT;XIRECS;12409.0;5
545300;;;ASH_COATED_OSMIUM;XIRECS;10009.0;6
546000;;;INTARIAN_PEPPER_ROOT;XIRECS;12419.0;8
547700;;;INTARIAN_PEPPER_ROOT;XIRECS;12416.0;6
551800;;;ASH_COATED_OSMIUM;XIRECS;10000.0;9
552900;;;INTARIAN_PEPPER_ROOT;XIRECS;12398.0;3
555400;;;ASH_COATED_OSMIUM;XIRECS;10010.0;9
556400;;;INTARIAN_PEPPER_ROOT;XIRECS;12407.0;6
556500;;;INTARIAN_PEPPER_ROOT;XIRECS;12406.0;5
556700;;;ASH_COATED_OSMIUM;XIRECS;10000.0;5
557300;;;ASH_COATED_OSMIUM;XIRECS;10001.0;5
557800;;;ASH_COATED_OSMIUM;XIRECS;9992.0;9
557900;;;INTARIAN_PEPPER_ROOT;XIRECS;12405.0;7
560400;;;ASH_COATED_OSMIUM;XIRECS;10011.0;10
560700;;;INTARIAN_PEPPER_ROOT;XIRECS;12393.0;4
561400;;;INTARIAN_PEPPER_ROOT;XIRECS;12401.0;7
561700;;;ASH_COATED_OSMIUM;XIRECS;10009.0;5
564100;;;ASH_COATED_OSMIUM;XIRECS;10009.0;5
565300;;;ASH_COATED_OSMIUM;XIRECS;10009.0;5
566100;;;ASH_COATED_OSMIUM;XIRECS;10000.0;9
566300;;;INTARIAN_PEPPER_ROOT;XIRECS;12395.0;6
567400;;;ASH_COATED_OSMIUM;XIRECS;10002.0;5
568100;;;INTARIAN_PEPPER_ROOT;XIRECS;12393.0;3
569400;;;ASH_COATED_OSMIUM;XIRECS;10001.0;4
570200;;;INTARIAN_PEPPER_ROOT;XIRECS;12378.0;7
571800;;;ASH_COATED_OSMIUM;XIRECS;9993.0;5
572000;;;ASH_COATED_OSMIUM;XIRECS;10008.0;7
572300;;;ASH_COATED_OSMIUM;XIRECS;10001.0;2
572500;;;INTARIAN_PEPPER_ROOT;XIRECS;12388.0;7
573100;;;INTARIAN_PEPPER_ROOT;XIRECS;12376.0;5
573400;;;ASH_COATED_OSMIUM;XIRECS;10001.0;5
574000;;;INTARIAN_PEPPER_ROOT;XIRECS;12387.0;4
575200;;;INTARIAN_PEPPER_ROOT;XIRECS;12372.0;7
576400;;;ASH_COATED_OSMIUM;XIRECS;10010.0;8
577300;;;INTARIAN_PEPPER_ROOT;XIRECS;12371.0;7
578100;;;ASH_COATED_OSMIUM;XIRECS;10005.0;9
582000;;;INTARIAN_PEPPER_ROOT;XIRECS;12366.0;3
583100;;;ASH_COATED_OSMIUM;XIRECS;10008.0;3
584200;;;INTARIAN_PEPPER_ROOT;XIRECS;12378.0;6
584200;;;ASH_COATED_OSMIUM;XIRECS;9993.0;3
585800;;;INTARIAN_PEPPER_ROOT;XIRECS;12369.0;5
587200;;;INTARIAN_PEPPER_ROOT;XIRECS;12360.0;5
587500;;;ASH_COATED_OSMIUM;XIRECS;10001.0;2
587700;;;ASH_COATED_OSMIUM;XIRECS;9993.0;5
590900;;;ASH_COATED_OSMIUM;XIRECS;10001.0;6
591100;;;INTARIAN_PEPPER_ROOT;XIRECS;12370.0;4
591900;;;ASH_COATED_OSMIUM;XIRECS;10001.0;6
592800;;;ASH_COATED_OSMIUM;XIRECS;10010.0;4
595200;;;INTARIAN_PEPPER_ROOT;XIRECS;12364.0;6
595200;;;ASH_COATED_OSMIUM;XIRECS;9993.0;2
596800;;;INTARIAN_PEPPER_ROOT;XIRECS;12350.0;6
597900;;;ASH_COATED_OSMIUM;XIRECS;10009.0;8
598200;;;ASH_COATED_OSMIUM;XIRECS;10002.0;4
599400;;;ASH_COATED_OSMIUM;XIRECS;9991.0;3
599900;;;INTARIAN_PEPPER_ROOT;XIRECS;12346.0;6
600100;;;INTARIAN_PEPPER_ROOT;XIRECS;12344.0;5
601300;;;ASH_COATED_OSMIUM;XIRECS;10000.0;3
601600;;;INTARIAN_PEPPER_ROOT;XIRECS;12359.0;7
602700;;;ASH_COATED_OSMIUM;XIRECS;10007.0;5
602800;;;ASH_COATED_OSMIUM;XIRECS;9998.0;5
605100;;;ASH_COATED_OSMIUM;XIRECS;9991.0;4
606500;;;INTARIAN_PEPPER_ROOT;XIRECS;12352.0;7
608000;;;INTARIAN_PEPPER_ROOT;XIRECS;12350.0;6
610200;;;INTARIAN_PEPPER_ROOT;XIRECS;12349.0;5
610200;;;ASH_COATED_OSMIUM;XIRECS;9998.0;2
610600;;;INTARIAN_PEPPER_ROOT;XIRECS;12347.0;5
610700;;;INTARIAN_PEPPER_ROOT;XIRECS;12347.0;6
612300;;;ASH_COATED_OSMIUM;XIRECS;9992.0;2
615000;;;ASH_COATED_OSMIUM;XIRECS;9991.0;6
615500;;;INTARIAN_PEPPER_ROOT;XIRECS;12343.0;5
616100;;;ASH_COATED_OSMIUM;XIRECS;10010.0;6
616800;;;ASH_COATED_OSMIUM;XIRECS;10012.0;5
617200;;;INTARIAN_PEPPER_ROOT;XIRECS;12342.0;6
620600;;;INTARIAN_PEPPER_ROOT;XIRECS;12337.0;7
621000;;;ASH_COATED_OSMIUM;XIRECS;10009.0;4
621800;;;ASH_COATED_OSMIUM;XIRECS;9993.0;5
622600;;;INTARIAN_PEPPER_ROOT;XIRECS;12322.0;3
623200;;;ASH_COATED_OSMIUM;XIRECS;10002.0;2
627100;;;INTARIAN_PEPPER_ROOT;XIRECS;12331.0;3
628200;;;INTARIAN_PEPPER_ROOT;XIRECS;12315.0;6
630200;;;INTARIAN_PEPPER_ROOT;XIRECS;12327.0;5
631500;;;INTARIAN_PEPPER_ROOT;XIRECS;12325.0;7
631800;;;ASH_COATED_OSMIUM;XIRECS;9992.0;3
634100;;;ASH_COATED_OSMIUM;XIRECS;9993.0;2
635100;;;INTARIAN_PEPPER_ROOT;XIRECS;12308.0;7
637100;;;INTARIAN_PEPPER_ROOT;XIRECS;12319.0;5
641700;;;INTARIAN_PEPPER_ROOT;XIRECS;12315.0;5
642400;;;ASH_COATED_OSMIUM;XIRECS;10008.0;9
643400;;;INTARIAN_PEPPER_ROOT;XIRECS;12312.0;4
645100;;;INTARIAN_PEPPER_ROOT;XIRECS;12298.0;7
646700;;;ASH_COATED_OSMIUM;XIRECS;9993.0;4
652300;;;INTARIAN_PEPPER_ROOT;XIRECS;12288.0;6
652600;;;INTARIAN_PEPPER_ROOT;XIRECS;12302.0;4
653700;;;INTARIAN_PEPPER_ROOT;XIRECS;12286.0;4
654500;;;ASH_COATED_OSMIUM;XIRECS;10010.0;6
657800;;;ASH_COATED_OSMIUM;XIRECS;9991.0;6
658800;;;ASH_COATED_OSMIUM;XIRECS;9992.0;3
660500;;;INTARIAN_PEPPER_ROOT;XIRECS;12280.0;4
661100;;;ASH_COATED_OSMIUM;XIRECS;9990.0;4
666900;;;INTARIAN_PEPPER_ROOT;XIRECS;12286.0;7
669700;;;ASH_COATED_OSMIUM;XIRECS;10003.0;7
673400;;;ASH_COATED_OSMIUM;XIRECS;10008.0;7
673500;;;INTARIAN_PEPPER_ROOT;XIRECS;12279.0;4
675700;;;INTARIAN_PEPPER_ROOT;XIRECS;12278.0;4
676000;;;ASH_COATED_OSMIUM;XIRECS;10009.0;5
676800;;;ASH_COATED_OSMIUM;XIRECS;10001.0;4
677900;;;INTARIAN_PEPPER_ROOT;XIRECS;12276.0;8
678900;;;INTARIAN_PEPPER_ROOT;XIRECS;12276.0;3
679200;;;ASH_COATED_OSMIUM;XIRECS;10003.0;9
680800;;;INTARIAN_PEPPER_ROOT;XIRECS;12259.0;7
680900;;;ASH_COATED_OSMIUM;XIRECS;9991.0;5
681600;;;INTARIAN_PEPPER_ROOT;XIRECS;12257.0;5
681700;;;ASH_COATED_OSMIUM;XIRECS;10002.0;3
681900;;;ASH_COATED_OSMIUM;XIRECS;10005.0;2
683900;;;ASH_COATED_OSMIUM;XIRECS;9993.0;5
685700;;;ASH_COATED_OSMIUM;XIRECS;10008.0;4
686000;;;INTARIAN_PEPPER_ROOT;XIRECS;12251.0;5
688300;;;ASH_COATED_OSMIUM;XIRECS;10000.0;5
688400;;;ASH_COATED_OSMIUM;XIRECS;9990.0;9
688700;;;INTARIAN_PEPPER_ROOT;XIRECS;12251.0;6
690200;;;ASH_COATED_OSMIUM;XIRECS;9991.0;7
690700;;;ASH_COATED_OSMIUM;XIRECS;9990.0;5
692400;;;ASH_COATED_OSMIUM;XIRECS;10009.0;3
695200;;;INTARIAN_PEPPER_ROOT;XIRECS;12257.0;4
695400;;;ASH_COATED_OSMIUM;XIRECS;9990.0;5
697200;;;INTARIAN_PEPPER_ROOT;XIRECS;12240.0;5
697500;;;ASH_COATED_OSMIUM;XIRECS;10007.0;3
697500;;;ASH_COATED_OSMIUM;XIRECS;10007.0;6
697800;;;INTARIAN_PEPPER_ROOT;XIRECS;12252.0;5
697900;;;ASH_COATED_OSMIUM;XIRECS;10001.0;4
698500;;;ASH_COATED_OSMIUM;XIRECS;10000.0;10
700400;;;ASH_COATED_OSMIUM;XIRECS;9999.0;4
705200;;;INTARIAN_PEPPER_ROOT;XIRECS;12233.0;3
706600;;;ASH_COATED_OSMIUM;XIRECS;9994.0;6
707300;;;ASH_COATED_OSMIUM;XIRECS;10008.0;5
709200;;;INTARIAN_PEPPER_ROOT;XIRECS;12240.0;6
710700;;;INTARIAN_PEPPER_ROOT;XIRECS;12239.0;3
711700;;;INTARIAN_PEPPER_ROOT;XIRECS;12225.0;7
711700;;;ASH_COATED_OSMIUM;XIRECS;10010.0;10
714000;;;INTARIAN_PEPPER_ROOT;XIRECS;12222.0;7
717100;;;INTARIAN_PEPPER_ROOT;XIRECS;12233.0;4
723400;;;INTARIAN_PEPPER_ROOT;XIRECS;12213.0;6
725000;;;ASH_COATED_OSMIUM;XIRECS;10007.0;10
726500;;;ASH_COATED_OSMIUM;XIRECS;9991.0;5
726500;;;ASH_COATED_OSMIUM;XIRECS;9991.0;2
727000;;;INTARIAN_PEPPER_ROOT;XIRECS;12223.0;6
727800;;;INTARIAN_PEPPER_ROOT;XIRECS;12208.0;7
730700;;;INTARIAN_PEPPER_ROOT;XIRECS;12216.0;3
731500;;;INTARIAN_PEPPER_ROOT;XIRECS;12204.0;3
734300;;;ASH_COATED_OSMIUM;XIRECS;9991.0;9
734400;;;ASH_COATED_OSMIUM;XIRECS;9997.0;4
736600;;;INTARIAN_PEPPER_ROOT;XIRECS;12198.0;4
737000;;;ASH_COATED_OSMIUM;XIRECS;10008.0;4
737400;;;INTARIAN_PEPPER_ROOT;XIRECS;12214.0;5
737700;;;ASH_COATED_OSMIUM;XIRECS;10009.0;7
741400;;;ASH_COATED_OSMIUM;XIRECS;9992.0;6
742000;;;ASH_COATED_OSMIUM;XIRECS;9991.0;2
743700;;;INTARIAN_PEPPER_ROOT;XIRECS;12203.0;6
744700;;;ASH_COATED_OSMIUM;XIRECS;9989.0;3
745800;;;ASH_COATED_OSMIUM;XIRECS;9993.0;9
750200;;;ASH_COATED_OSMIUM;XIRECS;10008.0;6
751300;;;INTARIAN_PEPPER_ROOT;XIRECS;12194.0;3
751800;;;INTARIAN_PEPPER_ROOT;XIRECS;12181.0;7
752700;;;ASH_COATED_OSMIUM;XIRECS;10005.0;5
754600;;;INTARIAN_PEPPER_ROOT;XIRECS;12178.0;6
754900;;;ASH_COATED_OSMIUM;XIRECS;10008.0;5
755900;;;ASH_COATED_OSMIUM;XIRECS;10001.0;7
758900;;;ASH_COATED_OSMIUM;XIRECS;10002.0;2
762600;;;INTARIAN_PEPPER_ROOT;XIRECS;12170.0;5
762800;;;ASH_COATED_OSMIUM;XIRECS;9993.0;5
764700;;;ASH_COATED_OSMIUM;XIRECS;9992.0;3
764700;;;ASH_COATED_OSMIUM;XIRECS;10000.0;10
764900;;;INTARIAN_PEPPER_ROOT;XIRECS;12168.0;5
766300;;;INTARIAN_PEPPER_ROOT;XIRECS;12165.0;4
767400;;;ASH_COATED_OSMIUM;XIRECS;9992.0;6
767800;;;INTARIAN_PEPPER_ROOT;XIRECS;12177.0;5
769900;;;ASH_COATED_OSMIUM;XIRECS;10001.0;3
772700;;;ASH_COATED_OSMIUM;XIRECS;9996.0;6
774000;;;ASH_COATED_OSMIUM;XIRECS;10000.0;7
774300;;;ASH_COATED_OSMIUM;XIRECS;10001.0;6
774500;;;INTARIAN_PEPPER_ROOT;XIRECS;12157.0;4
775400;;;ASH_COATED_OSMIUM;XIRECS;10008.0;6
779500;;;ASH_COATED_OSMIUM;XIRECS;9993.0;10
779600;;;ASH_COATED_OSMIUM;XIRECS;10002.0;10
780000;;;ASH_COATED_OSMIUM;XIRECS;10009.0;10
781000;;;ASH_COATED_OSMIUM;XIRECS;10007.0;4
781500;;;ASH_COATED_OSMIUM;XIRECS;9990.0;4
782200;;;ASH_COATED_OSMIUM;XIRECS;9993.0;4
782300;;;INTARIAN_PEPPER_ROOT;XIRECS;12161.0;3
782400;;;ASH_COATED_OSMIUM;XIRECS;9992.0;5
782900;;;ASH_COATED_OSMIUM;XIRECS;10000.0;5
783000;;;ASH_COATED_OSMIUM;XIRECS;9992.0;5
783300;;;INTARIAN_PEPPER_ROOT;XIRECS;12148.0;3
784800;;;ASH_COATED_OSMIUM;XIRECS;10002.0;6
787900;;;INTARIAN_PEPPER_ROOT;XIRECS;12141.0;6
790200;;;ASH_COATED_OSMIUM;XIRECS;10009.0;10
792600;;;ASH_COATED_OSMIUM;XIRECS;10008.0;3
795200;;;INTARIAN_PEPPER_ROOT;XIRECS;12149.0;3
796200;;;ASH_COATED_OSMIUM;XIRECS;10012.0;3
797300;;;ASH_COATED_OSMIUM;XIRECS;10011.0;3
798100;;;INTARIAN_PEPPER_ROOT;XIRECS;12145.0;6
798800;;;INTARIAN_PEPPER_ROOT;XIRECS;12129.0;3
800400;;;ASH_COATED_OSMIUM;XIRECS;10001.0;2
800700;;;ASH_COATED_OSMIUM;XIRECS;10001.0;5
801100;;;ASH_COATED_OSMIUM;XIRECS;10000.0;9
801600;;;ASH_COATED_OSMIUM;XIRECS;10001.0;2
802600;;;INTARIAN_PEPPER_ROOT;XIRECS;12126.0;3
803400;;;ASH_COATED_OSMIUM;XIRECS;10000.0;3
804000;;;INTARIAN_PEPPER_ROOT;XIRECS;12124.0;7
805400;;;INTARIAN_PEPPER_ROOT;XIRECS;12133.0;4
807700;;;INTARIAN_PEPPER_ROOT;XIRECS;12133.0;3
812500;;;INTARIAN_PEPPER_ROOT;XIRECS;12114.0;5
813600;;;INTARIAN_PEPPER_ROOT;XIRECS;12130.0;7
813800;;;INTARIAN_PEPPER_ROOT;XIRECS;12113.0;6
815100;;;INTARIAN_PEPPER_ROOT;XIRECS;12112.0;3
818600;;;ASH_COATED_OSMIUM;XIRECS;9994.0;5
819800;;;ASH_COATED_OSMIUM;XIRECS;10011.0;4
825300;;;ASH_COATED_OSMIUM;XIRECS;10000.0;8
826000;;;INTARIAN_PEPPER_ROOT;XIRECS;12115.0;6
826200;;;INTARIAN_PEPPER_ROOT;XIRECS;12114.0;7
827000;;;INTARIAN_PEPPER_ROOT;XIRECS;12110.0;6
827000;;;ASH_COATED_OSMIUM;XIRECS;9992.0;3
828700;;;INTARIAN_PEPPER_ROOT;XIRECS;12113.0;7
829200;;;ASH_COATED_OSMIUM;XIRECS;10001.0;2
829400;;;ASH_COATED_OSMIUM;XIRECS;10000.0;6
829800;;;ASH_COATED_OSMIUM;XIRECS;9992.0;8
832200;;;INTARIAN_PEPPER_ROOT;XIRECS;12095.0;7
832200;;;INTARIAN_PEPPER_ROOT;XIRECS;12095.0;7
832900;;;ASH_COATED_OSMIUM;XIRECS;9991.0;9
833100;;;ASH_COATED_OSMIUM;XIRECS;10005.0;2
835500;;;INTARIAN_PEPPER_ROOT;XIRECS;12091.0;3
836100;;;ASH_COATED_OSMIUM;XIRECS;10000.0;6
837500;;;ASH_COATED_OSMIUM;XIRECS;10000.0;4
838500;;;INTARIAN_PEPPER_ROOT;XIRECS;12101.0;6
839300;;;INTARIAN_PEPPER_ROOT;XIRECS;12086.0;7
839900;;;ASH_COATED_OSMIUM;XIRECS;10009.0;9
840800;;;ASH_COATED_OSMIUM;XIRECS;9991.0;3
841000;;;ASH_COATED_OSMIUM;XIRECS;10008.0;2
843100;;;ASH_COATED_OSMIUM;XIRECS;9992.0;6
846000;;;ASH_COATED_OSMIUM;XIRECS;10009.0;7
848700;;;INTARIAN_PEPPER_ROOT;XIRECS;12077.0;6
850600;;;ASH_COATED_OSMIUM;XIRECS;10011.0;6
851400;;;ASH_COATED_OSMIUM;XIRECS;10002.0;3
851800;;;ASH_COATED_OSMIUM;XIRECS;9994.0;3
853300;;;ASH_COATED_OSMIUM;XIRECS;10000.0;2
853400;;;INTARIAN_PEPPER_ROOT;XIRECS;12072.0;5
853500;;;ASH_COATED_OSMIUM;XIRECS;9991.0;4
853900;;;ASH_COATED_OSMIUM;XIRECS;9999.0;6
855300;;;ASH_COATED_OSMIUM;XIRECS;10008.0;3
855700;;;ASH_COATED_OSMIUM;XIRECS;10001.0;4
855900;;;INTARIAN_PEPPER_ROOT;XIRECS;12065.0;4
857400;;;ASH_COATED_OSMIUM;XIRECS;9990.0;9
861800;;;ASH_COATED_OSMIUM;XIRECS;10002.0;4
864500;;;INTARIAN_PEPPER_ROOT;XIRECS;12059.0;6
865300;;;ASH_COATED_OSMIUM;XIRECS;10001.0;10
867400;;;INTARIAN_PEPPER_ROOT;XIRECS;12056.0;4
869400;;;ASH_COATED_OSMIUM;XIRECS;10009.0;2
872600;;;INTARIAN_PEPPER_ROOT;XIRECS;12052.0;5
873600;;;INTARIAN_PEPPER_ROOT;XIRECS;12061.0;5
873800;;;ASH_COATED_OSMIUM;XIRECS;9999.0;5
877700;;;INTARIAN_PEPPER_ROOT;XIRECS;12059.0;4
878700;;;ASH_COATED_OSMIUM;XIRECS;9994.0;6
879100;;;INTARIAN_PEPPER_ROOT;XIRECS;12044.0;3
879100;;;ASH_COATED_OSMIUM;XIRECS;9991.0;7
879700;;;ASH_COATED_OSMIUM;XIRECS;10001.0;6
879900;;;INTARIAN_PEPPER_ROOT;XIRECS;12057.0;5
880500;;;INTARIAN_PEPPER_ROOT;XIRECS;12055.0;4
881000;;;INTARIAN_PEPPER_ROOT;XIRECS;12042.0;6
881300;;;INTARIAN_PEPPER_ROOT;XIRECS;12041.0;4
881600;;;INTARIAN_PEPPER_ROOT;XIRECS;12055.0;7
882700;;;ASH_COATED_OSMIUM;XIRECS;9993.0;10
886400;;;INTARIAN_PEPPER_ROOT;XIRECS;12035.0;7
886800;;;INTARIAN_PEPPER_ROOT;XIRECS;12050.0;6
887800;;;INTARIAN_PEPPER_ROOT;XIRECS;12034.0;3
889400;;;INTARIAN_PEPPER_ROOT;XIRECS;12047.0;4
889900;;;ASH_COATED_OSMIUM;XIRECS;9991.0;4
891200;;;INTARIAN_PEPPER_ROOT;XIRECS;12044.0;6
891800;;;ASH_COATED_OSMIUM;XIRECS;10010.0;8
892100;;;ASH_COATED_OSMIUM;XIRECS;9992.0;3
892800;;;INTARIAN_PEPPER_ROOT;XIRECS;12028.0;5
895500;;;ASH_COATED_OSMIUM;XIRECS;9993.0;5
897900;;;ASH_COATED_OSMIUM;XIRECS;10001.0;3
898000;;;INTARIAN_PEPPER_ROOT;XIRECS;12022.0;5
899200;;;ASH_COATED_OSMIUM;XIRECS;10002.0;5
901100;;;INTARIAN_PEPPER_ROOT;XIRECS;12021.0;5
902100;;;INTARIAN_PEPPER_ROOT;XIRECS;12032.0;6
905000;;;ASH_COATED_OSMIUM;XIRECS;9990.0;2
908000;;;INTARIAN_PEPPER_ROOT;XIRECS;12024.0;7
909400;;;INTARIAN_PEPPER_ROOT;XIRECS;12024.0;3
909400;;;ASH_COATED_OSMIUM;XIRECS;10007.0;2
910300;;;INTARIAN_PEPPER_ROOT;XIRECS;12023.0;4
910900;;;INTARIAN_PEPPER_ROOT;XIRECS;12023.0;6
915500;;;ASH_COATED_OSMIUM;XIRECS;10008.0;5
919300;;;INTARIAN_PEPPER_ROOT;XIRECS;11997.0;7
920500;;;INTARIAN_PEPPER_ROOT;XIRECS;12013.0;6
920900;;;ASH_COATED_OSMIUM;XIRECS;10010.0;5
922900;;;ASH_COATED_OSMIUM;XIRECS;10009.0;8
923200;;;INTARIAN_PEPPER_ROOT;XIRECS;12008.0;3
924100;;;INTARIAN_PEPPER_ROOT;XIRECS;12009.0;6
926400;;;ASH_COATED_OSMIUM;XIRECS;10005.0;7
926500;;;INTARIAN_PEPPER_ROOT;XIRECS;11993.0;6
927100;;;ASH_COATED_OSMIUM;XIRECS;9998.0;4
927400;;;ASH_COATED_OSMIUM;XIRECS;9993.0;3
927600;;;INTARIAN_PEPPER_ROOT;XIRECS;12006.0;7
929400;;;INTARIAN_PEPPER_ROOT;XIRECS;11988.0;5
930300;;;ASH_COATED_OSMIUM;XIRECS;9999.0;6
931500;;;ASH_COATED_OSMIUM;XIRECS;10000.0;9
931800;;;ASH_COATED_OSMIUM;XIRECS;10010.0;3
933700;;;INTARIAN_PEPPER_ROOT;XIRECS;11997.0;5
936200;;;INTARIAN_PEPPER_ROOT;XIRECS;11994.0;3
939700;;;ASH_COATED_OSMIUM;XIRECS;10004.0;3
940600;;;ASH_COATED_OSMIUM;XIRECS;10001.0;5
940600;;;ASH_COATED_OSMIUM;XIRECS;9993.0;5
942200;;;ASH_COATED_OSMIUM;XIRECS;9995.0;4
942700;;;ASH_COATED_OSMIUM;XIRECS;10010.0;2
944000;;;INTARIAN_PEPPER_ROOT;XIRECS;11986.0;6
948900;;;ASH_COATED_OSMIUM;XIRECS;9994.0;9
950500;;;INTARIAN_PEPPER_ROOT;XIRECS;11979.0;7
951400;;;ASH_COATED_OSMIUM;XIRECS;10001.0;4
953400;;;ASH_COATED_OSMIUM;XIRECS;10001.0;3
955100;;;ASH_COATED_OSMIUM;XIRECS;9993.0;2
955200;;;INTARIAN_PEPPER_ROOT;XIRECS;11974.0;4
958400;;;INTARIAN_PEPPER_ROOT;XIRECS;11973.0;4
959700;;;INTARIAN_PEPPER_ROOT;XIRECS;11969.0;6
961700;;;ASH_COATED_OSMIUM;XIRECS;9989.0;9
963000;;;INTARIAN_PEPPER_ROOT;XIRECS;11966.0;7
963700;;;INTARIAN_PEPPER_ROOT;XIRECS;11952.0;4
964000;;;ASH_COATED_OSMIUM;XIRECS;9992.0;6
964400;;;INTARIAN_PEPPER_ROOT;XIRECS;11951.0;4
965000;;;INTARIAN_PEPPER_ROOT;XIRECS;11950.0;6
965500;;;ASH_COATED_OSMIUM;XIRECS;10002.0;6
966500;;;ASH_COATED_OSMIUM;XIRECS;9992.0;3
966600;;;INTARIAN_PEPPER_ROOT;XIRECS;11963.0;5
967300;;;ASH_COATED_OSMIUM;XIRECS;10010.0;4
969500;;;ASH_COATED_OSMIUM;XIRECS;10000.0;6
970000;;;ASH_COATED_OSMIUM;XIRECS;10011.0;6
971300;;;ASH_COATED_OSMIUM;XIRECS;10001.0;3
971500;;;ASH_COATED_OSMIUM;XIRECS;9997.0;4
971700;;;INTARIAN_PEPPER_ROOT;XIRECS;11957.0;6
976000;;;ASH_COATED_OSMIUM;XIRECS;10008.0;7
977300;;;ASH_COATED_OSMIUM;XIRECS;9998.0;3
978400;;;ASH_COATED_OSMIUM;XIRECS;9999.0;6
979500;;;INTARIAN_PEPPER_ROOT;XIRECS;11933.0;6
980500;;;ASH_COATED_OSMIUM;XIRECS;9995.0;4
981200;;;INTARIAN_PEPPER_ROOT;XIRECS;11946.0;7
981800;;;INTARIAN_PEPPER_ROOT;XIRECS;11932.0;3
982700;;;ASH_COATED_OSMIUM;XIRECS;10002.0;3
983500;;;ASH_COATED_OSMIUM;XIRECS;10001.0;4
984000;;;INTARIAN_PEPPER_ROOT;XIRECS;11930.0;8
984300;;;ASH_COATED_OSMIUM;XIRECS;10001.0;4
987800;;;ASH_COATED_OSMIUM;XIRECS;10002.0;2
988300;;;INTARIAN_PEPPER_ROOT;XIRECS;11925.0;7
988300;;;ASH_COATED_OSMIUM;XIRECS;10002.0;6
988600;;;ASH_COATED_OSMIUM;XIRECS;10001.0;8
989400;;;ASH_COATED_OSMIUM;XIRECS;9992.0;5
991100;;;ASH_COATED_OSMIUM;XIRECS;10009.0;8
992300;;;INTARIAN_PEPPER_ROOT;XIRECS;11920.0;6
992500;;;INTARIAN_PEPPER_ROOT;XIRECS;11936.0;5
993400;;;INTARIAN_PEPPER_ROOT;XIRECS;11919.0;7
993700;;;INTARIAN_PEPPER_ROOT;XIRECS;11932.0;3
994700;;;ASH_COATED_OSMIUM;XIRECS;9994.0;6
996600;;;ASH_COATED_OSMIUM;XIRECS;9992.0;6
997000;;;INTARIAN_PEPPER_ROOT;XIRECS;11930.0;7
999600;;;ASH_COATED_OSMIUM;XIRECS;10010.0;10