day;timestamp;product;bid_price_1;bid_volume_1;bid_price_2;bid_volume_2;bid_price_3;bid_volume_3;ask_price_1;ask_volume_1;ask_price_2;ask_volume_2;ask_price_3;ask_volume_3;mid_price;profit_and_loss
2;0;ASH_COATED_OSMIUM;9992;14;;;;;10009;14;;;;;9999.5;0.0
2;0;INTARIAN_PEPPER_ROOT;13992;12;;;;;14008;8;;;;;14000.5;0.0
2;100;ASH_COATED_OSMIUM;9988;11;;;;;10009;13;;;;;9998.5;0.0
2;100;INTARIAN_PEPPER_ROOT;13999;11;13990;17;;;14007;21;14011;25;;;14000.0;0.0
2;200;ASH_COATED_OSMIUM;9991;15;;;;;10007;13;;;;;9998.5;0.0
2;200;INTARIAN_PEPPER_ROOT;13992;8;13989;22;;;14009;23;14011;22;;;13999.5;0.0
2;300;ASH_COATED_OSMIUM;9991;10;9994;28;;;10003;12;10009;21;;;9998.5;0.0
2;300;INTARIAN_PEPPER_ROOT;13996;9;13987;21;;;14007;9;;;;;13999.0;0.0
2;400;ASH_COATED_OSMIUM;9989;13;;;;;10006;11;10009;26;;;9998.0;0.0
2;400;INTARIAN_PEPPER_ROOT;13989;12;;;;;14006;9;;;;;13998.5;0.0
2;500;ASH_COATED_OSMIUM;9991;12;;;;;10007;15;10010;22;;;9998.5;0.0
2;500;INTARIAN_PEPPER_ROOT;13991;10;13988;19;13982;22;14005;11;14009;25;;;13998.0;0.0
2;600;ASH_COATED_OSMIUM;9991;13;9986;30;;;10007;11;10010;24;;;9998.5;0.0
2;600;INTARIAN_PEPPER_ROOT;13989;18;13987;25;;;14007;20;;;;;13997.5;0.0
2;700;ASH_COATED_OSMIUM;9990;13;;;;;10007;15;;;;;9999.0;0.0
2;700;INTARIAN_PEPPER_ROOT;13989;9;13987;10;;;14005;22;14009;22;;;13997.5;0.0
2;800;ASH_COATED_OSMIUM;9992;12;9989;27;;;10009;14;;;;;9999.5;0.0
2;800;INTARIAN_PEPPER_ROOT;13990;11;13986;21;;;14005;9;14007;16;;;13997.0;0.0
2;900;ASH_COATED_OSMIUM;9992;10;9990;26;;;10008;14;10011;23;;;10000.0;0.0
2;900;INTARIAN_PEPPER_ROOT;13990;9;13986;20;;;14006;18;14007;17;;;13996.5;0.0
2;1000;ASH_COATED_OSMIUM;9992;13;9990;22;;;10008;11;10010;28;;;10000.0;0.0
2;1000;INTARIAN_PEPPER_ROOT;13987;8;;;;;14003;21;;;;;13996.0;0.0
2;1100;ASH_COATED_OSMIUM;9992;15;;;;;10009;10;10012;28;;;9999.5;0.0
2;1100;INTARIAN_PEPPER_ROOT;13989;9;13984;16;;;14003;9;14006;25;;;13995.5;0.0
2;1200;ASH_COATED_OSMIUM;9992;14;9990;22;;;10008;13;10011;30;;;9999.5;0.0
2;1200;INTARIAN_PEPPER_ROOT;13988;11;13985;22;;;14004;11;14005;15;;;13995.0;0.0
2;1300;ASH_COATED_OSMIUM;9991;10;;;;;10009;13;10010;23;;;9999.0;0.0
2;1300;INTARIAN_PEPPER_ROOT;13986;10;13983;25;;;13996;8;14006;15;;;13994.5;0.0
2;1400;ASH_COATED_OSMIUM;9996;12;;;;;10007;11;10010;30;;;9999.0;0.0
2;1400;INTARIAN_PEPPER_ROOT;13983;23;;;;;14001;9;14004;21;;;13994.0;0.0
2;1500;ASH_COATED_OSMIUM;9991;11;9989;14;;;10010;10;10010;25;;;10000.0;0.0
2;1500;INTARIAN_PEPPER_ROOT;13986;11;13983;25;;;14002;8;;;;;13993.5;0.0
2;1600;ASH_COATED_OSMIUM;9991;11;9989;21;;;10008;15;10010;29;;;10000.0;0.0
2;1600;INTARIAN_PEPPER_ROOT;13986;10;13983;16;;;14002;23;;;;;13993.0;0.0
2;1700;ASH_COATED_OSMIUM;9992;15;9989;26;;;10008;14;10010;26;;;10000.0;0.0
2;1700;INTARIAN_PEPPER_ROOT;13991;12;;;;;13996;12;;;;;13992.5;0.0
2;1800;ASH_COATED_OSMIUM;9991;15;9990;14;;;10008;20;;;;;9999.5;0.0
2;1800;INTARIAN_PEPPER_ROOT;13985;9;;;;;14000;9;14002;15;;;13992.0;0.0
2;1900;ASH_COATED_OSMIUM;9992;15;9990;26;9984;26;10009;10;10011;29;;;9999.5;0.0
2;1900;INTARIAN_PEPPER_ROOT;13983;8;13981;25;;;13999;11;;;;;13991.5;0.0
2;2000;ASH_COATED_OSMIUM;9992;12;9989;26;;;10008;13;10011;24;;;10000.0;0.0
2;2000;INTARIAN_PEPPER_ROOT;13984;12;13981;23;;;13998;9;14001;22;;;13991.0;0.0
2;2100;ASH_COATED_OSMIUM;9991;12;9990;30;;;10009;13;10011;27;;;10000.0;0.0
2;2100;INTARIAN_PEPPER_ROOT;13983;9;13980;25;13978;24;14000;19;14001;25;;;13990.5;0.0
2;2200;ASH_COATED_OSMIUM;9991;14;9990;22;;;10008;15;10010;24;;;10000.0;0.0
2;2200;INTARIAN_PEPPER_ROOT;13984;10;;;;;13998;11;;;;;13990.5;0.0
2;2300;ASH_COATED_OSMIUM;9992;13;9995;23;;;10009;12;10010;24;;;10000.0;0.0
2;2300;INTARIAN_PEPPER_ROOT;13982;10;;;;;13999;8;;;;;13990.0;0.0
2;2400;ASH_COATED_OSMIUM;9993;11;;;;;10009;11;10013;24;;;10000.5;0.0
2;2400;INTARIAN_PEPPER_ROOT;13982;8;13978;22;;;13999;11;14001;20;;;13989.5;0.0
2;2500;ASH_COATED_OSMIUM;9993;10;9991;21;;;10009;12;10012;30;;;10000.5;0.0
2;2500;INTARIAN_PEPPER_ROOT;13980;12;13978;16;;;13997;10;14000;16;;;13989.0;0.0
2;2600;ASH_COATED_OSMIUM;9994;21;9991;24;;;10010;11;;;;;10001.5;0.0
2;2600;INTARIAN_PEPPER_ROOT;13981;9;13978;16;;;13998;12;13999;18;;;13988.5;0.0
2;2700;ASH_COATED_OSMIUM;9993;15;9991;26;;;10010;11;;;;;10002.0;0.0
2;2700;INTARIAN_PEPPER_ROOT;13981;12;13978;25;;;13999;9;13998;17;;;13988.0;0.0
2;2800;ASH_COATED_OSMIUM;9991;12;;;;;10010;25;10008;28;;;10001.5;0.0
2;2800;INTARIAN_PEPPER_ROOT;13980;23;13977;20;;;13995;8;;;14004;23;13987.5;0.0
2;2900;ASH_COATED_OSMIUM;9994;12;9992;23;;;10011;10;10013;23;;;10001.5;0.0
2;2900;INTARIAN_PEPPER_ROOT;13978;11;13977;24;;;13996;9;13998;18;;;13987.0;0.0
2;3000;ASH_COATED_OSMIUM;9992;10;9991;26;;;10009;11;10011;20;;;10001.0;0.0
2;3000;INTARIAN_PEPPER_ROOT;13978;9;;;;;13994;8;13998;10;;;13986.5;0.0
2;3100;ASH_COATED_OSMIUM;9993;15;;;;;10009;12;10013;28;;;10001.0;0.0
2;3100;INTARIAN_PEPPER_ROOT;13979;10;13975;20;;;13994;10;;;;;13986.0;0.0
2;3200;ASH_COATED_OSMIUM;9993;15;;;;;10011;10;10013;25;;;10001.0;0.0
2;3200;INTARIAN_PEPPER_ROOT;13975;10;13974;22;;;13993;9;13997;21;;;13985.5;0.0
2;3300;ASH_COATED_OSMIUM;9993;10;9990;29;;;10009;13;;;;;10001.0;0.0
2;3300;INTARIAN_PEPPER_ROOT;13976;10;;;;;13992;10;;;;;13985.0;0.0
2;3400;ASH_COATED_OSMIUM;9994;14;9991;28;;;10010;11;10013;20;10018;26;10002.0;0.0
2;3400;INTARIAN_PEPPER_ROOT;13978;11;13972;17;;;13995;21;;;;;13984.5;0.0
2;3500;ASH_COATED_OSMIUM;9994;15;9990;22;;;10009;13;;;;;10001.0;0.0
2;3500;INTARIAN_PEPPER_ROOT;13977;8;13973;16;;;13992;8;13995;16;;;13984.0;0.0
2;3600;ASH_COATED_OSMIUM;9993;15;9990;23;;;10009;14;10011;30;;;10001.0;0.0
2;3600;INTARIAN_PEPPER_ROOT;13977;8;;;;;13992;11;13995;25;;;13984.0;0.0
2;3700;ASH_COATED_OSMIUM;9993;29;9990;27;9988;24;10009;14;10013;29;;;10001.0;0.0
2;3700;INTARIAN_PEPPER_ROOT;13977;10;;;;;13991;9;;;;;13983.5;0.0
2;3800;ASH_COATED_OSMIUM;9992;10;9991;26;;;10009;12;;;;;10000.5;0.0
2;3800;INTARIAN_PEPPER_ROOT;13976;10;13973;25;;;13992;11;13994;20;;;13983.0;0.0
2;3900;ASH_COATED_OSMIUM;9991;23;9989;21;;;10008;10;;;;;10000.0;0.0
2;3900;INTARIAN_PEPPER_ROOT;13975;12;13973;24;;;13990;11;13994;24;;;13982.5;0.0
2;4000;ASH_COATED_OSMIUM;9992;15;;;;;10008;10;10010;23;;;10000.0;0.0
2;4000;INTARIAN_PEPPER_ROOT;13973;9;;;;;13990;12;;;;;13982.0;0.0
2;4100;ASH_COATED_OSMIUM;9992;2;9989;30;;;10008;14;;;;;10000.0;0.0
2;4100;INTARIAN_PEPPER_ROOT;13974;11;;;;;13989;8;13993;24;;;13981.5;0.0
2;4200;ASH_COATED_OSMIUM;9992;14;9995;24;;;10008;15;10010;27;;;10000.0;0.0
2;4200;INTARIAN_PEPPER_ROOT;13973;12;13971;17;;;13990;10;13994;21;;;13981.0;0.0
2;4300;ASH_COATED_OSMIUM;9996;13;9991;14;;;10009;12;;;;;10000.5;0.0
2;4300;INTARIAN_PEPPER_ROOT;13972;12;13970;19;;;13991;9;13992;17;;;13980.5;0.0
2;4400;ASH_COATED_OSMIUM;9992;12;9989;30;;;10009;14;10012;22;;;10000.5;0.0
2;4400;INTARIAN_PEPPER_ROOT;13971;11;13970;15;;;13988;11;13991;24;;;13980.0;0.0
2;4500;ASH_COATED_OSMIUM;9992;12;;;;;10009;10;10013;27;;;10001.0;0.0
2;4500;INTARIAN_PEPPER_ROOT;13972;8;13969;20;;;13987;10;13990;20;;;13979.5;0.0
2;4600;ASH_COATED_OSMIUM;9994;29;9992;14;;;10011;15;10014;23;;;10002.0;0.0
2;4600;INTARIAN_PEPPER_ROOT;13972;9;13969;21;;;13981;10;;;;;13979.0;0.0
2;4700;ASH_COATED_OSMIUM;9996;20;;;;;10011;12;;;;;10001.5;0.0
2;4700;INTARIAN_PEPPER_ROOT;13972;12;13966;23;;;13988;11;;;;;13978.5;0.0
2;4800;ASH_COATED_OSMIUM;9992;11;9991;20;;;10006;13;10011;13;;;10001.0;0.0
2;4800;INTARIAN_PEPPER_ROOT;13969;11;13966;20;;;13985;8;13989;19;;;13978.0;0.0
2;4900;ASH_COATED_OSMIUM;9991;13;9989;20;;;10010;15;10010;29;;;10000.0;0.0
2;4900;INTARIAN_PEPPER_ROOT;13971;10;;;;;13987;20;;;;;13977.5;0.0
2;5000;ASH_COATED_OSMIUM;9993;13;9990;26;;;10009;11;10011;23;;;10000.5;0.0
2;5000;INTARIAN_PEPPER_ROOT;13970;8;;;;;13986;19;13987;15;;;13977.0;0.0
2;5100;ASH_COATED_OSMIUM;9993;13;9990;24;;;10011;10;10012;29;;;10001.0;0.0
2;5100;INTARIAN_PEPPER_ROOT;13969;11;13967;15;;;13984;8;13989;21;;;13977.0;0.0
2;5200;ASH_COATED_OSMIUM;9993;14;9990;21;;;10011;12;;;;;10001.0;0.0
2;5200;INTARIAN_PEPPER_ROOT;13969;22;13966;20;;;13984;19;;;;;13976.5;0.0
2;5300;ASH_COATED_OSMIUM;9994;14;;;;;10010;12;10014;24;;;10001.5;0.0
2;5300;INTARIAN_PEPPER_ROOT;13969;12;;;;;13984;5;13987;20;;;13976.0;0.0
2;5400;ASH_COATED_OSMIUM;9994;12;;;;;10010;4;10012;30;;;10001.5;0.0
2;5400;INTARIAN_PEPPER_ROOT;13965;12;;;;;13985;19;13986;22;;;13975.5;0.0
2;5500;ASH_COATED_OSMIUM;9993;30;9991;29;;;10011;10;10007;24;;;10001.0;0.0
2;5500;INTARIAN_PEPPER_ROOT;13968;10;13965;17;;;13983;12;;;;;13975.0;0.0
2;5600;ASH_COATED_OSMIUM;9993;20;9991;20;;;10009;27;;;;;10000.5;0.0
2;5600;INTARIAN_PEPPER_ROOT;13968;10;13964;24;;;13982;9;13988;24;;;13974.5;0.0
2;5700;ASH_COATED_OSMIUM;9997;13;9991;26;;;10009;13;10008;21;;;10000.5;0.0
2;5700;INTARIAN_PEPPER_ROOT;13967;10;13963;18;;;13985;9;13984;21;;;13974.0;0.0
2;5800;ASH_COATED_OSMIUM;9992;15;9991;21;;;10009;13;10013;10;;;10001.0;0.0
2;5800;INTARIAN_PEPPER_ROOT;13967;18;13964;18;;;13983;18;13985;17;;;13973.5;0.0
2;5900;ASH_COATED_OSMIUM;9993;25;9991;23;;;10009;13;10012;30;;;10001.0;0.0
2;5900;INTARIAN_PEPPER_ROOT;13964;12;;;;;13980;9;;;;;13973.0;0.0
2;6000;ASH_COATED_OSMIUM;9993;23;;;;;10006;10;10012;22;10015;29;10000.5;0.0
2;6000;INTARIAN_PEPPER_ROOT;13965;9;13963;20;;;13980;10;13984;20;;;13972.5;0.0
2;6100;ASH_COATED_OSMIUM;9993;11;;;;;10010;14;10011;28;;;10000.5;0.0
2;6100;INTARIAN_PEPPER_ROOT;13970;9;13960;22;;;13979;12;13983;20;;;13972.0;0.0
2;6200;ASH_COATED_OSMIUM;9993;12;;;;;10009;14;;;;;10001.0;0.0
2;6200;INTARIAN_PEPPER_ROOT;13963;10;13961;22;;;13979;10;13983;19;;;13971.5;0.0
2;6300;ASH_COATED_OSMIUM;9992;11;9989;21;;;10011;21;10011;30;;;10001.0;0.0
2;6300;INTARIAN_PEPPER_ROOT;13964;20;;;;;13979;12;;;;;13971.0;0.0
2;6400;ASH_COATED_OSMIUM;9993;13;;;;;10010;22;;;;;10001.5;0.0
2;6400;INTARIAN_PEPPER_ROOT;13964;8;;;;;13978;20;13981;24;;;13970.5;0.0
2;6500;ASH_COATED_OSMIUM;9991;30;9991;26;;;10010;11;;;;;10001.5;0.0
2;6500;INTARIAN_PEPPER_ROOT;13963;9;;;;;13977;10;13981;17;;;13970.0;0.0
2;6600;ASH_COATED_OSMIUM;9994;13;9991;25;;;10012;10;10013;29;;;10002.0;0.0
2;6600;INTARIAN_PEPPER_ROOT;13961;8;;;;;13977;11;13982;20;;;13969.5;0.0
2;6700;ASH_COATED_OSMIUM;9993;15;;;;;10011;14;10013;22;;;10001.0;0.0
2;6700;INTARIAN_PEPPER_ROOT;13963;10;13959;23;;;13978;12;;;;;13969.5;0.0
2;6800;ASH_COATED_OSMIUM;9993;2;;;;;10009;11;;;;;10000.5;0.0
2;6800;INTARIAN_PEPPER_ROOT;13960;11;;;;;13977;17;13980;18;;;13969.0;0.0
2;6900;ASH_COATED_OSMIUM;9993;11;9990;25;;;10009;14;10012;27;;;10000.5;0.0
2;6900;INTARIAN_PEPPER_ROOT;13962;16;13958;23;;;13976;10;13982;23;;;13968.5;0.0
2;7000;ASH_COATED_OSMIUM;9993;15;;;;;10009;13;10012;27;;;10000.5;0.0
2;7000;INTARIAN_PEPPER_ROOT;13960;9;13957;15;;;13976;15;13978;19;;;13968.0;0.0
2;7100;ASH_COATED_OSMIUM;9991;14;9990;27;;;10008;10;10011;11;;;10000.0;0.0
2;7100;INTARIAN_PEPPER_ROOT;13958;10;13955;17;;;13975;11;13977;24;;;13967.5;0.0
2;7200;ASH_COATED_OSMIUM;9991;10;9990;23;;;10009;8;10013;22;;;10000.5;0.0
2;7200;INTARIAN_PEPPER_ROOT;13960;25;13956;24;;;13974;8;13978;22;;;13967.0;0.0
2;7300;ASH_COATED_OSMIUM;9992;12;9991;29;;;10010;14;;;;;10000.5;0.0
2;7300;INTARIAN_PEPPER_ROOT;13959;5;;;;;13974;16;13977;17;;;13966.5;0.0
2;7400;ASH_COATED_OSMIUM;9993;26;9991;24;;;10009;13;;;;;10000.5;0.0
2;7400;INTARIAN_PEPPER_ROOT;13959;8;13955;18;;;13973;22;13977;24;;;13966.0;0.0
2;7500;ASH_COATED_OSMIUM;9993;14;9991;21;;;10012;12;10012;30;;;10001.0;0.0
2;7500;INTARIAN_PEPPER_ROOT;13958;9;13955;16;;;13974;12;;;;;13965.5;0.0
2;7600;ASH_COATED_OSMIUM;9994;27;9991;27;;;10010;11;10012;24;;;10001.5;0.0
2;7600;INTARIAN_PEPPER_ROOT;13958;17;13955;20;;;13973;11;13977;25;;;13965.0;0.0
2;7700;ASH_COATED_OSMIUM;9993;15;9996;27;;;10010;10;;;;;10001.0;0.0
2;7700;INTARIAN_PEPPER_ROOT;13956;9;13954;19;;;13972;9;;;;;13964.5;0.0
2;7800;ASH_COATED_OSMIUM;9991;13;9990;28;;;10008;10;10011;27;;;10000.0;0.0
2;7800;INTARIAN_PEPPER_ROOT;13957;12;13954;15;;;13972;7;13974;22;;;13964.0;0.0
2;7900;ASH_COATED_OSMIUM;9991;15;9990;27;;;10008;29;10011;26;;;9999.5;0.0
2;7900;INTARIAN_PEPPER_ROOT;13955;8;13952;15;;;13971;10;;;;;13963.5;0.0
2;8000;ASH_COATED_OSMIUM;9997;12;9990;21;;;10009;11;10011;26;;;9999.5;0.0
2;8000;INTARIAN_PEPPER_ROOT;13956;12;13951;16;;;13970;12;13975;23;;;13963.0;0.0
2;8100;ASH_COATED_OSMIUM;9991;24;9990;24;;;10009;10;;;;;9999.5;0.0
2;8100;INTARIAN_PEPPER_ROOT;13956;8;;;;;13971;21;13975;19;;;13963.0;0.0
2;8200;ASH_COATED_OSMIUM;9990;26;;;;;10007;13;;;10013;20;9999.0;0.0
2;8200;INTARIAN_PEPPER_ROOT;13955;8;;;;;13970;9;13973;10;;;13962.5;0.0
2;8300;ASH_COATED_OSMIUM;9991;10;9988;22;;;10007;10;;;;;9999.0;0.0
2;8300;INTARIAN_PEPPER_ROOT;13955;12;13949;18;;;13971;12;13973;16;;;13962.0;0.0
2;8400;ASH_COATED_OSMIUM;9992;14;9988;21;;;10009;11;10011;29;;;9999.5;0.0
2;8400;INTARIAN_PEPPER_ROOT;13953;11;13951;25;;;13969;11;13967;16;;;13961.5;0.0
2;8500;ASH_COATED_OSMIUM;9992;15;9990;21;;;10008;12;10005;28;;;9999.5;0.0
2;8500;INTARIAN_PEPPER_ROOT;13954;11;13951;18;;;13968;23;13972;22;;;13961.0;0.0
2;8600;ASH_COATED_OSMIUM;9991;15;;;;;10009;11;10010;28;;;9999.0;0.0
2;8600;INTARIAN_PEPPER_ROOT;13952;18;;;;;13968;16;;;;;13960.5;0.0
2;8700;ASH_COATED_OSMIUM;9991;13;;;;;10007;13;10010;24;;;9998.5;0.0
2;8700;INTARIAN_PEPPER_ROOT;13950;11;;;;;13967;11;13972;20;;;13960.0;0.0
2;8800;ASH_COATED_OSMIUM;9990;14;9988;24;;;10007;11;;;;;9998.0;0.0
2;8800;INTARIAN_PEPPER_ROOT;13952;10;13949;22;;;13967;10;13973;15;;;13959.5;0.0
2;8900;ASH_COATED_OSMIUM;9991;11;9989;26;;;10007;24;10009;22;;;9998.5;0.0
2;8900;INTARIAN_PEPPER_ROOT;13952;9;13949;24;;;13968;8;;;;;13959.0;0.0
2;9000;ASH_COATED_OSMIUM;9990;12;9987;27;;;10006;11;10009;15;;;9997.5;0.0
2;9000;INTARIAN_PEPPER_ROOT;13952;10;13947;21;;;13966;9;13969;16;;;13958.5;0.0
2;9100;ASH_COATED_OSMIUM;9990;13;;;;;10006;12;10009;28;;;9997.5;0.0
2;9100;INTARIAN_PEPPER_ROOT;13951;11;13947;21;;;13966;12;13969;25;;;13958.0;0.0
2;9200;ASH_COATED_OSMIUM;9991;12;9988;21;;;10007;11;;;;;9998.5;0.0
2;9200;INTARIAN_PEPPER_ROOT;13951;11;13947;23;13940;19;13966;8;13969;24;;;13957.5;0.0
2;9300;ASH_COATED_OSMIUM;9991;10;9988;23;;;10008;11;10010;20;;;9999.0;0.0
2;9300;INTARIAN_PEPPER_ROOT;13950;18;13945;22;;;13968;22;13968;18;;;13957.0;0.0
2;9400;ASH_COATED_OSMIUM;9996;15;9988;22;;;10008;14;10009;30;;;9998.5;0.0
2;9400;INTARIAN_PEPPER_ROOT;13949;17;13945;25;;;13964;8;13968;24;;;13956.5;0.0
2;9500;ASH_COATED_OSMIUM;9991;15;9988;10;;;10007;13;10010;30;;;9999.0;0.0
2;9500;INTARIAN_PEPPER_ROOT;13949;8;13946;19;;;13964;10;13966;16;;;13956.0;0.0
2;9600;ASH_COATED_OSMIUM;9990;4;;;;;10006;12;;;;;9998.0;0.0
2;9600;INTARIAN_PEPPER_ROOT;13948;11;;;;;13963;8;13967;16;;;13956.0;0.0
2;9700;ASH_COATED_OSMIUM;9991;12;9989;29;;;10010;12;10009;15;;;9999.0;0.0
2;9700;INTARIAN_PEPPER_ROOT;13949;9;13945;18;;;13965;8;13967;25;;;13955.5;0.0
2;9800;ASH_COATED_OSMIUM;9991;12;9988;27;;;10007;10;10010;24;;;9998.5;0.0
2;9800;INTARIAN_PEPPER_ROOT;13948;11;;;;;13962;11;13966;25;;;13955.0;0.0
2;9900;ASH_COATED_OSMIUM;9995;10;9988;21;;;10008;13;10009;30;;;9999.0;0.0
2;9900;INTARIAN_PEPPER_ROOT;13946;12;;;;;13964;8;13965;20;;;13954.5;0.0
2;10000;ASH_COATED_OSMIUM;9992;11;9989;26;;;10009;10;10011;30;;;9999.5;0.0
2;10000;INTARIAN_PEPPER_ROOT;13945;9;;;;;13963;9;;;13971;19;13954.0;0.0
2;10100;ASH_COATED_OSMIUM;9990;11;9990;30;;;10008;11;10010;23;;;9999.5;0.0
2;10100;INTARIAN_PEPPER_ROOT;13945;21;13942;20;;;13963;11;13966;15;;;13953.5;0.0
2;10200;ASH_COATED_OSMIUM;9992;22;;;;;10008;29;10010;22;;;10000.0;0.0
2;10200;INTARIAN_PEPPER_ROOT;13946;10;13943;18;;;13961;12;13964;20;;;13953.0;0.0
2;10300;ASH_COATED_OSMIUM;9992;10;9989;25;;;10008;12;10012;20;;;10000.5;0.0
2;10300;INTARIAN_PEPPER_ROOT;13946;10;13943;19;;;13962;3;13963;17;;;13952.5;0.0
2;10400;ASH_COATED_OSMIUM;9992;11;9991;27;;;10009;15;;;;;10000.5;0.0
2;10400;INTARIAN_PEPPER_ROOT;13947;8;;;;;13961;11;13962;22;;;13952.0;0.0
2;10500;ASH_COATED_OSMIUM;9993;14;;;;;10004;13;10011;30;;;10000.5;0.0
2;10500;INTARIAN_PEPPER_ROOT;13943;9;13940;17;;;13959;8;13962;19;;;13951.5;0.0
2;10600;ASH_COATED_OSMIUM;9992;15;;;;;10010;15;10011;25;;;10000.0;0.0
2;10600;INTARIAN_PEPPER_ROOT;13944;10;13938;15;;;13959;22;13957;21;;;13951.0;0.0
2;10700;ASH_COATED_OSMIUM;9993;12;9990;22;;;10009;13;10012;21;;;10000.5;0.0
2;10700;INTARIAN_PEPPER_ROOT;13949;8;13940;11;;;13958;9;13962;12;;;13950.5;0.0
2;10800;ASH_COATED_OSMIUM;9992;14;9989;20;;;10008;11;10007;24;;;10000.0;0.0
2;10800;INTARIAN_PEPPER_ROOT;13940;11;13940;17;;;13958;11;;;;;13950.0;0.0
2;10900;ASH_COATED_OSMIUM;9992;11;9990;27;;;10009;15;10012;21;;;10000.5;0.0
2;10900;INTARIAN_PEPPER_ROOT;13942;11;13939;22;;;13959;11;;;;;13949.5;0.0
2;11000;ASH_COATED_OSMIUM;9993;15;;;;;10010;10;;;;;10000.5;0.0
2;11000;INTARIAN_PEPPER_ROOT;13941;25;;;;;13957;12;13962;23;;;13949.5;0.0
2;11100;ASH_COATED_OSMIUM;9993;10;;;;;10010;12;10012;25;;;10000.5;0.0
2;11100;INTARIAN_PEPPER_ROOT;13941;12;13936;16;;;13957;24;;;;;13949.0;0.0
2;11200;ASH_COATED_OSMIUM;9992;11;;;;;10008;14;10011;22;;;10000.0;0.0
2;11200;INTARIAN_PEPPER_ROOT;13942;11;13938;18;;;13956;12;13959;16;;;13948.5;0.0
2;11300;ASH_COATED_OSMIUM;9992;14;9989;30;;;10005;10;10012;20;;;10000.0;0.0
2;11300;INTARIAN_PEPPER_ROOT;13941;22;;;;;13956;9;13959;25;;;13948.0;0.0
2;11400;ASH_COATED_OSMIUM;9993;14;9990;28;;;10009;11;10012;25;;;10000.5;0.0
2;11400;INTARIAN_PEPPER_ROOT;13939;10;13935;19;;;13957;12;13960;15;;;13947.5;0.0
2;11500;ASH_COATED_OSMIUM;9992;12;;;;;10008;30;10006;30;;;10000.0;0.0
2;11500;INTARIAN_PEPPER_ROOT;13940;11;;;;;13954;9;13960;17;;;13947.0;0.0
2;11600;ASH_COATED_OSMIUM;9992;27;9990;26;;;10008;28;10012;23;;;10000.0;0.0
2;11600;INTARIAN_PEPPER_ROOT;13939;19;13936;25;;;13954;5;13957;23;;;13946.5;0.0
2;11700;ASH_COATED_OSMIUM;9992;11;;;;;10009;30;;;;;9999.5;0.0
2;11700;INTARIAN_PEPPER_ROOT;13938;12;;;;;13955;8;13957;25;;;13946.0;0.0
2;11800;ASH_COATED_OSMIUM;9992;25;9988;24;;;10008;21;10011;25;;;9999.5;0.0
2;11800;INTARIAN_PEPPER_ROOT;13938;24;;;;;13953;9;13957;25;;;13945.5;0.0
2;11900;ASH_COATED_OSMIUM;9992;27;;;;;10008;15;10010;24;;;10000.0;0.0
2;11900;INTARIAN_PEPPER_ROOT;13938;8;13934;21;;;13954;9;;;;;13945.0;0.0
2;12000;ASH_COATED_OSMIUM;9992;12;;;;;10010;26;;;;;10000.0;0.0
2;12000;INTARIAN_PEPPER_ROOT;13938;8;;;;;13952;10;13955;15;;;13944.5;0.0
2;12100;ASH_COATED_OSMIUM;9991;14;9990;20;;;10008;29;10011;30;;;10000.0;0.0
2;12100;INTARIAN_PEPPER_ROOT;13936;11;13933;17;;;13953;12;13955;23;;;13944.0;0.0
2;12200;ASH_COATED_OSMIUM;9992;15;9990;26;;;10008;13;10010;21;;;10000.0;0.0
2;12200;INTARIAN_PEPPER_ROOT;13934;12;13932;17;;;13951;9;13957;25;;;13943.5;0.0
2;12300;ASH_COATED_OSMIUM;9992;15;9990;30;;;10008;28;10011;30;;;9999.5;0.0
2;12300;INTARIAN_PEPPER_ROOT;13936;11;13932;25;;;13951;9;13954;23;;;13943.0;0.0
2;12400;ASH_COATED_OSMIUM;9992;10;9989;12;;;10008;15;10011;20;;;9999.5;0.0
2;12400;INTARIAN_PEPPER_ROOT;13936;11;;;;;13950;12;;;;;13942.5;0.0
2;12500;ASH_COATED_OSMIUM;9991;12;9988;23;;;10009;14;;;;;9999.0;0.0
2;12500;INTARIAN_PEPPER_ROOT;13935;16;;;;;13950;11;13952;16;;;13942.0;0.0
2;12600;ASH_COATED_OSMIUM;9991;13;9989;26;;;10007;11;10010;30;;;9999.0;0.0
2;12600;INTARIAN_PEPPER_ROOT;13935;10;13931;8;;;13949;9;;;;;13942.0;0.0
2;12700;ASH_COATED_OSMIUM;9991;13;9989;28;;;10001;13;;;;;9998.5;0.0
2;12700;INTARIAN_PEPPER_ROOT;13933;12;13931;21;;;13949;18;;;;;13941.5;0.0
2;12800;ASH_COATED_OSMIUM;9990;13;;;;;10006;25;;;;;9998.0;0.0
2;12800;INTARIAN_PEPPER_ROOT;13934;8;13929;18;;;13950;12;;;;;13941.0;0.0
2;12900;ASH_COATED_OSMIUM;9990;11;9987;25;;;10006;12;;;;;9997.5;0.0
2;12900;INTARIAN_PEPPER_ROOT;13934;10;;;;;13948;10;;;;;13940.5;0.0
2;13000;ASH_COATED_OSMIUM;9990;14;;;;;10007;22;10010;30;;;9999.0;0.0
2;13000;INTARIAN_PEPPER_ROOT;13933;9;13929;22;;;13945;19;13951;25;;;13940.0;0.0
2;13100;ASH_COATED_OSMIUM;9992;13;9989;22;;;10004;13;10011;20;;;9999.5;0.0
2;13100;INTARIAN_PEPPER_ROOT;13933;18;;;;;13949;10;13950;25;;;13939.5;0.0
2;13200;ASH_COATED_OSMIUM;9992;24;;;;;10008;11;10011;23;;;9999.5;0.0
2;13200;INTARIAN_PEPPER_ROOT;13932;5;;;;;13947;9;;;;;13939.0;0.0
2;13300;ASH_COATED_OSMIUM;9992;12;;;;;10008;15;10010;26;;;10000.0;0.0
2;13300;INTARIAN_PEPPER_ROOT;13931;9;13929;25;;;13946;8;;;;;13938.5;0.0
2;13400;ASH_COATED_OSMIUM;9993;13;9991;26;;;10009;14;10012;23;;;10000.5;0.0
2;13400;INTARIAN_PEPPER_ROOT;13930;9;;;;;13947;12;13950;15;;;13938.0;0.0
2;13500;ASH_COATED_OSMIUM;9992;13;9992;22;;;10008;23;10010;23;;;9999.5;0.0
2;13500;INTARIAN_PEPPER_ROOT;13931;12;;;;;13945;21;13950;19;;;13937.5;0.0
2;13600;ASH_COATED_OSMIUM;9992;10;9994;24;;;10008;10;10010;28;;;9999.5;0.0
2;13600;INTARIAN_PEPPER_ROOT;13930;12;13927;18;;;13944;12;13948;15;;;13937.0;0.0
2;13700;ASH_COATED_OSMIUM;9991;21;;;;;10008;11;10010;29;;;10000.0;0.0
2;13700;INTARIAN_PEPPER_ROOT;13929;8;;;;;13944;11;;;;;13936.5;0.0
2;13800;ASH_COATED_OSMIUM;9992;10;9989;28;;;10008;15;10010;27;;;10000.0;0.0
2;13800;INTARIAN_PEPPER_ROOT;13929;11;13926;19;;;13944;11;13947;18;;;13936.5;0.0
2;13900;ASH_COATED_OSMIUM;9991;11;;;;;10008;12;;;;;10000.0;0.0
2;13900;INTARIAN_PEPPER_ROOT;13929;6;;;;;13945;9;13948;16;;;13936.0;0.0
2;14000;ASH_COATED_OSMIUM;9992;15;9990;29;;;10010;22;;;;;10000.0;0.0
2;14000;INTARIAN_PEPPER_ROOT;13929;8;;;;;13943;8;13946;15;;;13935.5;0.0
2;14100;ASH_COATED_OSMIUM;9992;12;;;;;10008;12;;;;;10000.0;0.0
2;14100;INTARIAN_PEPPER_ROOT;13928;11;13924;16;;;13943;10;13946;22;;;13935.0;0.0
2;14200;ASH_COATED_OSMIUM;9992;11;9993;27;;;10008;14;10011;27;;;10000.0;0.0
2;14200;INTARIAN_PEPPER_ROOT;13927;12;;;;;13942;9;13945;18;;;13934.5;0.0
2;14300;ASH_COATED_OSMIUM;9990;26;;;9984;25;10005;11;10009;21;;;9999.0;0.0
2;14300;INTARIAN_PEPPER_ROOT;13927;8;13924;20;;;13941;10;;;;;13934.0;0.0
2;14400;ASH_COATED_OSMIUM;9990;10;;;;;10008;11;10010;25;;;9998.5;0.0
2;14400;INTARIAN_PEPPER_ROOT;13926;11;13923;19;;;13941;10;13945;25;;;13933.5;0.0
2;14500;ASH_COATED_OSMIUM;9991;14;9988;28;;;10007;13;10009;25;;;9998.5;0.0
2;14500;INTARIAN_PEPPER_ROOT;13926;12;13921;22;;;13942;11;;;;;13933.0;0.0
2;14600;ASH_COATED_OSMIUM;9990;10;;;;;10007;11;10009;30;;;9999.0;0.0
2;14600;INTARIAN_PEPPER_ROOT;13926;12;;;;;13940;12;13943;15;;;13932.5;0.0
2;14700;ASH_COATED_OSMIUM;9995;13;9989;20;;;10008;13;;;;;10000.0;0.0
2;14700;INTARIAN_PEPPER_ROOT;13925;8;13919;25;;;13941;10;13942;20;;;13932.0;0.0
2;14800;ASH_COATED_OSMIUM;9992;13;;;;;10008;14;10012;30;;;10000.0;0.0
2;14800;INTARIAN_PEPPER_ROOT;13924;10;;;;;13939;12;13943;23;;;13931.5;0.0
2;14900;ASH_COATED_OSMIUM;9991;14;9990;27;;;10008;13;10010;20;;;10000.0;0.0
2;14900;INTARIAN_PEPPER_ROOT;13923;8;;;;;13940;25;;;;;13931.0;0.0
2;15000;ASH_COATED_OSMIUM;9992;12;;;;;10008;15;10013;24;;;9999.5;0.0
2;15000;INTARIAN_PEPPER_ROOT;13923;9;13919;22;;;13938;22;13943;24;;;13930.5;0.0
2;15100;ASH_COATED_OSMIUM;9992;12;9989;22;;;10008;13;10010;26;;;10000.0;0.0
2;15100;INTARIAN_PEPPER_ROOT;13929;20;13920;18;;;13937;18;;;;;13930.0;0.0
2;15200;ASH_COATED_OSMIUM;9991;12;9989;22;;;10008;12;10012;24;;;10000.0;0.0
2;15200;INTARIAN_PEPPER_ROOT;13923;9;;;;;13937;9;13943;21;;;13930.0;0.0
2;15300;ASH_COATED_OSMIUM;9992;12;9989;26;;;10008;10;;;;;10000.0;0.0
2;15300;INTARIAN_PEPPER_ROOT;13922;8;13919;22;;;13937;11;;;;;13929.5;0.0
2;15400;ASH_COATED_OSMIUM;9993;12;;;;;10009;15;;;;;10000.5;0.0
2;15400;INTARIAN_PEPPER_ROOT;13922;9;13919;15;;;13937;10;;;;;13929.0;0.0
2;15500;ASH_COATED_OSMIUM;9992;28;9989;30;;;10008;14;10010;26;;;10000.0;0.0
2;15500;INTARIAN_PEPPER_ROOT;13921;9;13918;25;;;13938;19;13939;21;;;13928.5;0.0
2;15600;ASH_COATED_OSMIUM;9995;13;9990;29;;;10004;10;;;;;10000.5;0.0
2;15600;INTARIAN_PEPPER_ROOT;13921;9;13924;16;;;13935;10;13939;15;;;13928.0;0.0
2;15700;ASH_COATED_OSMIUM;9993;13;;;;;10009;10;10012;28;;;10001.0;0.0
2;15700;INTARIAN_PEPPER_ROOT;13921;12;;;;;13938;10;13938;19;;;13927.5;0.0
2;15800;ASH_COATED_OSMIUM;9992;10;9990;20;;;10008;15;10010;24;;;10000.0;0.0
2;15800;INTARIAN_PEPPER_ROOT;13920;12;;;;;13934;9;;;;;13927.0;0.0
2;15900;ASH_COATED_OSMIUM;9992;14;9988;26;;;10008;13;10011;14;;;9999.5;0.0
2;15900;INTARIAN_PEPPER_ROOT;13918;8;;;;;13928;9;13937;19;;;13926.5;0.0
2;16000;ASH_COATED_OSMIUM;9991;10;9988;27;;;10009;23;;;;;9999.0;0.0
2;16000;INTARIAN_PEPPER_ROOT;13916;11;13921;16;;;13934;12;13939;24;;;13926.0;0.0
2;16100;ASH_COATED_OSMIUM;9992;11;9990;28;;;10008;10;;;;;9999.5;0.0
2;16100;INTARIAN_PEPPER_ROOT;13917;12;;;;;13928;9;13936;21;;;13925.5;0.0
2;16200;ASH_COATED_OSMIUM;9990;11;9989;29;;;10008;12;10011;30;;;9999.5;0.0
2;16200;INTARIAN_PEPPER_ROOT;13918;11;;;;;13933;12;13935;19;;;13925.0;0.0
2;16300;ASH_COATED_OSMIUM;9994;13;;;;;10004;15;10009;24;;;9999.0;0.0
2;16300;INTARIAN_PEPPER_ROOT;13918;12;;;;;13932;8;13936;22;;;13924.5;0.0
2;16400;ASH_COATED_OSMIUM;9991;14;9987;26;9985;22;10004;13;;;;;9999.0;0.0
2;16400;INTARIAN_PEPPER_ROOT;13917;12;13914;20;;;13931;10;;;;;13924.0;0.0
2;16500;ASH_COATED_OSMIUM;9991;25;9989;22;;;10007;13;;;10013;23;9999.0;0.0
2;16500;INTARIAN_PEPPER_ROOT;13917;11;13914;18;;;13931;9;13937;12;;;13923.5;0.0
2;16600;ASH_COATED_OSMIUM;9991;10;9987;23;;;10007;10;10010;23;;;9998.5;0.0
2;16600;INTARIAN_PEPPER_ROOT;13916;8;;;;;13930;18;;;;;13923.0;0.0
2;16700;ASH_COATED_OSMIUM;9991;20;9989;30;;;10009;13;10009;21;;;9999.0;0.0
2;16700;INTARIAN_PEPPER_ROOT;13916;12;13912;20;;;13930;9;13934;17;;;13923.0;0.0
2;16800;ASH_COATED_OSMIUM;9996;14;9990;27;;;10006;14;10012;28;;;10000.5;0.0
2;16800;INTARIAN_PEPPER_ROOT;13915;9;13912;16;;;13932;9;13935;15;;;13922.5;0.0
2;16900;ASH_COATED_OSMIUM;9998;6;;;;;10009;14;10012;30;;;10000.5;0.0
2;16900;INTARIAN_PEPPER_ROOT;13915;24;;;;;13930;11;;;;;13922.0;0.0
2;17000;ASH_COATED_OSMIUM;9992;20;;;;;10009;15;;;;;10000.5;0.0
2;17000;INTARIAN_PEPPER_ROOT;13915;12;;;;;13929;9;13933;23;;;13921.5;0.0
2;17100;ASH_COATED_OSMIUM;9993;12;;;;;10009;14;;;;;10000.5;0.0
2;17100;INTARIAN_PEPPER_ROOT;13910;9;13909;24;;;13928;11;13933;16;;;13921.0;0.0
2;17200;ASH_COATED_OSMIUM;9993;21;9990;27;;;10009;10;;;;;10000.5;0.0
2;17200;INTARIAN_PEPPER_ROOT;13912;4;;;;;13928;9;13931;21;;;13920.5;0.0
2;17300;ASH_COATED_OSMIUM;9996;13;;;;;10010;7;10011;26;;;10000.5;0.0
2;17300;INTARIAN_PEPPER_ROOT;13913;8;13908;25;;;13927;16;13932;21;;;13920.0;0.0
2;17400;ASH_COATED_OSMIUM;9993;12;9990;21;;;10009;12;10012;29;;;10000.5;0.0
2;17400;INTARIAN_PEPPER_ROOT;13918;9;;;;;13929;9;;;;;13919.5;0.0
2;17500;ASH_COATED_OSMIUM;9992;14;9989;21;;;10008;22;;;;;10000.0;0.0
2;17500;INTARIAN_PEPPER_ROOT;13910;9;13909;19;;;13926;12;13930;18;;;13919.0;0.0
2;17600;ASH_COATED_OSMIUM;9992;12;;;;;10008;14;10010;20;;;9999.5;0.0
2;17600;INTARIAN_PEPPER_ROOT;13912;12;13907;12;;;13927;11;;;;;13918.5;0.0
2;17700;ASH_COATED_OSMIUM;9991;12;9995;27;;;10008;12;10010;28;;;10000.0;0.0
2;17700;INTARIAN_PEPPER_ROOT;13911;10;;;;;13926;10;13929;18;;;13918.0;0.0
2;17800;ASH_COATED_OSMIUM;9991;10;;;;;10008;10;10011;21;;;10000.0;0.0
2;17800;INTARIAN_PEPPER_ROOT;13909;8;13906;23;;;13925;8;13930;17;;;13917.5;0.0
2;17900;ASH_COATED_OSMIUM;9993;26;9991;24;;;10009;5;10012;21;;;10000.5;0.0
2;17900;INTARIAN_PEPPER_ROOT;13908;9;13906;23;;;13924;22;;;;;13917.0;0.0
2;18000;ASH_COATED_OSMIUM;9993;15;9990;28;;;10009;23;;;;;10000.5;0.0
2;18000;INTARIAN_PEPPER_ROOT;13910;10;;;;;13924;12;13928;22;;;13916.5;0.0
2;18100;ASH_COATED_OSMIUM;9993;15;9990;25;;;10010;11;10012;20;10015;26;10000.5;0.0
2;18100;INTARIAN_PEPPER_ROOT;13908;9;13906;21;;;13924;9;;;13933;16;13916.5;0.0
2;18200;ASH_COATED_OSMIUM;9993;15;9990;26;;;10009;5;;;;;10001.0;0.0
2;18200;INTARIAN_PEPPER_ROOT;13907;8;13905;25;;;13923;8;;;;;13916.0;0.0
2;18300;ASH_COATED_OSMIUM;9993;12;9997;27;;;10010;13;;;;;10001.5;0.0
2;18300;INTARIAN_PEPPER_ROOT;13907;11;13905;22;;;13923;19;13928;23;;;13915.5;0.0
2;18400;ASH_COATED_OSMIUM;9992;12;9992;23;;;10010;22;10012;20;;;10001.5;0.0
2;18400;INTARIAN_PEPPER_ROOT;13908;10;13905;22;;;13923;21;;;;;13915.0;0.0
2;18500;ASH_COATED_OSMIUM;9994;14;9991;29;;;10010;15;;;;;10001.5;0.0
2;18500;INTARIAN_PEPPER_ROOT;13907;12;;;;;13922;10;;;;;13914.5;0.0
2;18600;ASH_COATED_OSMIUM;9993;13;;;;;10007;29;10013;13;;;10001.5;0.0
2;18600;INTARIAN_PEPPER_ROOT;13907;16;13903;19;;;13921;11;;;;;13914.0;0.0
2;18700;ASH_COATED_OSMIUM;9994;12;;;;;10010;11;10013;29;;;10001.5;0.0
2;18700;INTARIAN_PEPPER_ROOT;13905;10;13901;24;;;13923;23;;;;;13913.5;0.0
2;18800;ASH_COATED_OSMIUM;9991;15;;;;;10009;15;;;;;10000.5;0.0
2;18800;INTARIAN_PEPPER_ROOT;13906;8;;;;;13915;8;13923;16;;;13913.0;0.0
2;18900;ASH_COATED_OSMIUM;9992;11;;;;;10009;14;10011;20;;;10000.5;0.0
2;18900;INTARIAN_PEPPER_ROOT;13904;9;;;;;13920;12;;;;;13912.5;0.0
2;19000;ASH_COATED_OSMIUM;9993;12;;;;;10009;25;10012;30;10014;24;10000.5;0.0
2;19000;INTARIAN_PEPPER_ROOT;13905;11;13902;17;;;13919;21;13922;23;;;13912.0;0.0
2;19100;ASH_COATED_OSMIUM;9992;13;;;;;10005;11;10010;27;;;10000.0;0.0
2;19100;INTARIAN_PEPPER_ROOT;13903;9;;;;;13919;9;13922;25;;;13911.5;0.0
2;19200;ASH_COATED_OSMIUM;9992;15;9990;29;;;10008;14;10008;20;;;10000.0;0.0
2;19200;INTARIAN_PEPPER_ROOT;13902;9;13901;17;;;13919;10;13923;17;;;13911.0;0.0
2;19300;ASH_COATED_OSMIUM;9992;12;;;;;10008;7;10010;24;;;10000.0;0.0
2;19300;INTARIAN_PEPPER_ROOT;13904;8;13898;17;;;13918;9;;;;;13910.5;0.0
2;19400;ASH_COATED_OSMIUM;9992;11;9990;24;;;10008;20;10011;15;;;9999.5;0.0
2;19400;INTARIAN_PEPPER_ROOT;13903;11;13900;18;;;13918;12;;;;;13910.0;0.0
2;19500;ASH_COATED_OSMIUM;9991;11;9988;28;;;10009;13;;;;;9999.0;0.0
2;19500;INTARIAN_PEPPER_ROOT;13902;8;;;;;13917;12;13920;20;;;13909.5;0.0
2;19600;ASH_COATED_OSMIUM;9991;20;;;;;10007;13;;;;;9999.0;0.0
2;19600;INTARIAN_PEPPER_ROOT;13903;8;;;;;13919;11;13920;24;;;13909.5;0.0
2;19700;ASH_COATED_OSMIUM;9991;12;;;;;10007;15;;;;;9999.0;0.0
2;19700;INTARIAN_PEPPER_ROOT;13900;9;13895;24;;;13916;11;13922;23;;;13909.0;0.0
2;19800;ASH_COATED_OSMIUM;9991;14;9988;24;;;10008;10;;;;;9999.0;0.0
2;19800;INTARIAN_PEPPER_ROOT;13900;10;13898;23;;;13916;8;13920;25;;;13908.5;0.0
2;19900;ASH_COATED_OSMIUM;9991;13;;;;;10009;29;;;;;9999.0;0.0
2;19900;INTARIAN_PEPPER_ROOT;13901;8;;;;;13915;9;13918;15;;;13908.0;0.0
2;20000;ASH_COATED_OSMIUM;9991;11;9994;21;;;10007;12;10009;28;;;9999.0;0.0
2;20000;INTARIAN_PEPPER_ROOT;13901;10;13894;21;;;13916;9;13918;17;;;13907.5;0.0
2;20100;ASH_COATED_OSMIUM;9992;12;9988;25;;;10009;11;10011;26;10015;24;9999.5;0.0
2;20100;INTARIAN_PEPPER_ROOT;13900;11;13896;12;;;13915;19;13918;22;;;13907.0;0.0
2;20200;ASH_COATED_OSMIUM;9990;14;9988;30;;;10007;12;10009;26;;;9998.5;0.0
2;20200;INTARIAN_PEPPER_ROOT;13900;8;;;;;13914;9;13918;22;;;13906.5;0.0
2;20300;ASH_COATED_OSMIUM;9991;15;9987;28;;;10007;11;10009;24;;;9998.5;0.0
2;20300;INTARIAN_PEPPER_ROOT;13897;11;;;;;13914;12;13918;16;;;13906.0;0.0
2;20400;ASH_COATED_OSMIUM;9990;13;9988;29;;;10008;29;10010;27;;;9999.0;0.0
2;20400;INTARIAN_PEPPER_ROOT;13899;9;;;;;13913;11;;;;;13905.5;0.0
2;20500;ASH_COATED_OSMIUM;9992;10;9990;24;;;10008;11;;;;;9999.5;0.0
2;20500;INTARIAN_PEPPER_ROOT;13898;8;13894;19;;;13914;9;13915;21;;;13905.0;0.0
2;20600;ASH_COATED_OSMIUM;9990;13;9988;30;;;10004;12;10009;28;;;9999.0;0.0
2;20600;INTARIAN_PEPPER_ROOT;13897;9;13894;20;;;13912;10;;;;;13904.5;0.0
2;20700;ASH_COATED_OSMIUM;9991;15;9992;26;;;10009;14;10010;23;;;9999.0;0.0
2;20700;INTARIAN_PEPPER_ROOT;13897;11;13893;23;;;13913;22;13915;22;;;13904.0;0.0
2;20800;ASH_COATED_OSMIUM;9991;2;;;;;10007;14;;;;;9999.0;0.0
2;20800;INTARIAN_PEPPER_ROOT;13896;10;;;;;13911;11;13914;17;;;13903.5;0.0
2;20900;ASH_COATED_OSMIUM;9989;14;9989;29;;;10008;15;10010;24;;;9999.0;0.0
2;20900;INTARIAN_PEPPER_ROOT;13902;12;13893;12;;;13912;10;13914;18;;;13903.0;0.0
2;21000;ASH_COATED_OSMIUM;9991;24;9990;20;;;10008;15;;;;;9999.5;0.0
2;21000;INTARIAN_PEPPER_ROOT;13896;11;;;;;13910;12;13914;19;;;13902.5;0.0
2;21100;ASH_COATED_OSMIUM;9992;11;9990;26;;;10008;12;;;;;10000.0;0.0
2;21100;INTARIAN_PEPPER_ROOT;13901;9;13893;25;;;13910;23;13913;24;;;13902.5;0.0
2;21200;ASH_COATED_OSMIUM;9992;15;;;;;10009;10;;;;;9999.5;0.0
2;21200;INTARIAN_PEPPER_ROOT;13895;11;13889;18;;;13910;9;13913;15;;;13902.0;0.0
2;21300;ASH_COATED_OSMIUM;9991;11;;;;;10007;15;10010;23;;;9999.0;0.0
2;21300;INTARIAN_PEPPER_ROOT;13894;12;;;;;13909;12;13914;17;;;13901.5;0.0
2;21400;ASH_COATED_OSMIUM;9991;15;9988;10;;;10007;11;10010;20;;;9999.0;0.0
2;21400;INTARIAN_PEPPER_ROOT;13892;12;13891;21;;;13908;12;13911;16;;;13901.0;0.0
2;21500;ASH_COATED_OSMIUM;9991;12;9987;15;;;10008;12;;;;;9998.5;0.0
2;21500;INTARIAN_PEPPER_ROOT;13897;11;13889;18;;;13908;8;13912;21;;;13900.5;0.0
2;21600;ASH_COATED_OSMIUM;9989;11;9989;30;;;10007;13;10009;12;;;9998.5;0.0
2;21600;INTARIAN_PEPPER_ROOT;13893;8;13890;15;;;13908;8;;;;;13900.0;0.0
2;21700;ASH_COATED_OSMIUM;9990;14;9989;25;;;10007;11;;;;;9999.0;0.0
2;21700;INTARIAN_PEPPER_ROOT;13893;10;13890;24;;;13907;16;;;;;13899.5;0.0
2;21800;ASH_COATED_OSMIUM;9994;11;9988;23;9986;26;10010;15;10009;21;;;9999.0;0.0
2;21800;INTARIAN_PEPPER_ROOT;13890;12;;;;;13907;9;13909;23;;;13899.0;0.0
2;21900;ASH_COATED_OSMIUM;9991;11;9989;25;;;10007;15;10009;28;;;9999.0;0.0
2;21900;INTARIAN_PEPPER_ROOT;13891;11;13886;18;;;13906;12;;;;;13898.5;0.0
2;22000;ASH_COATED_OSMIUM;9990;14;;;;;10006;11;10011;26;;;9998.0;0.0
2;22000;INTARIAN_PEPPER_ROOT;13889;10;;;;;13905;9;13911;16;;;13898.0;0.0
2;22100;ASH_COATED_OSMIUM;9990;14;;;;;10007;13;10009;30;;;9997.5;0.0
2;22100;INTARIAN_PEPPER_ROOT;13893;16;13887;18;;;13905;12;13910;17;;;13897.5;0.0
2;22200;ASH_COATED_OSMIUM;9989;24;9986;26;;;10006;14;;;;;9997.5;0.0
2;22200;INTARIAN_PEPPER_ROOT;13890;8;;;;;13904;17;13908;24;;;13897.0;0.0
2;22300;ASH_COATED_OSMIUM;9990;12;9987;10;;;10006;13;;;;;9998.0;0.0
2;22300;INTARIAN_PEPPER_ROOT;13888;25;13886;25;;;13904;9;13909;17;;;13896.5;0.0
2;22400;ASH_COATED_OSMIUM;9987;15;9986;21;;;10006;23;;;;;9997.5;0.0
2;22400;INTARIAN_PEPPER_ROOT;13885;17;;;;;13904;18;13906;18;;;13896.0;0.0
2;22500;ASH_COATED_OSMIUM;9989;30;;;;;10007;15;;;;;9997.5;0.0
2;22500;INTARIAN_PEPPER_ROOT;13888;10;13885;19;;;13903;10;13911;25;;;13895.5;0.0
2;22600;ASH_COATED_OSMIUM;9990;24;;;;;10006;10;10009;29;;;9997.5;0.0
2;22600;INTARIAN_PEPPER_ROOT;13889;10;13885;19;;;13903;10;;;;;13895.5;0.0
2;22700;ASH_COATED_OSMIUM;9990;10;9987;29;;;10006;24;10008;30;;;9997.5;0.0
2;22700;INTARIAN_PEPPER_ROOT;13887;8;;;;;13902;12;;;;;13895.0;0.0
2;22800;ASH_COATED_OSMIUM;9990;29;9986;30;;;10003;15;;;;;9997.5;0.0
2;22800;INTARIAN_PEPPER_ROOT;13888;9;;;;;13904;12;13905;17;;;13894.5;0.0
2;22900;ASH_COATED_OSMIUM;9990;10;9987;24;;;10006;15;;;;;9997.5;0.0
2;22900;INTARIAN_PEPPER_ROOT;13887;9;;;;;13902;10;;;;;13894.0;0.0
2;23000;ASH_COATED_OSMIUM;9990;15;9988;25;;;10006;13;10008;27;;;9998.0;0.0
2;23000;INTARIAN_PEPPER_ROOT;13886;12;;;;;13901;16;13904;15;;;13893.5;0.0
2;23100;ASH_COATED_OSMIUM;9990;26;9985;28;;;10006;26;;;;;9998.0;0.0
2;23100;INTARIAN_PEPPER_ROOT;13886;8;13882;17;;;13901;11;;;;;13893.0;0.0
2;23200;ASH_COATED_OSMIUM;9988;13;;;;;10006;12;10008;29;;;9998.0;0.0
2;23200;INTARIAN_PEPPER_ROOT;13886;9;13883;25;;;13894;15;13903;21;;;13892.5;0.0
2;23300;ASH_COATED_OSMIUM;9990;10;;;;;10007;13;10004;20;;;9997.5;0.0
2;23300;INTARIAN_PEPPER_ROOT;13883;11;;;;;13899;11;;;;;13892.0;0.0
2;23400;ASH_COATED_OSMIUM;9990;12;9987;25;;;10009;12;10009;30;;;9998.0;0.0
2;23400;INTARIAN_PEPPER_ROOT;13883;8;;;;;13899;8;;;;;13891.5;0.0
2;23500;ASH_COATED_OSMIUM;9991;26;9989;29;9985;27;10008;13;10011;28;;;9998.5;0.0
2;23500;INTARIAN_PEPPER_ROOT;13882;12;13879;25;;;13894;9;13902;19;;;13891.0;0.0
2;23600;ASH_COATED_OSMIUM;9991;11;9994;22;;;10009;12;10011;30;;;9999.0;0.0
2;23600;INTARIAN_PEPPER_ROOT;13883;17;;;;;13898;10;13901;19;;;13890.5;0.0
2;23700;ASH_COATED_OSMIUM;9991;14;9990;20;;;10008;6;10011;24;;;9999.5;0.0
2;23700;INTARIAN_PEPPER_ROOT;13883;9;13880;22;;;13898;8;;;;;13890.0;0.0
2;23800;ASH_COATED_OSMIUM;9991;13;9990;26;;;10008;25;;;;;9999.5;0.0
2;23800;INTARIAN_PEPPER_ROOT;13881;23;;;;;13897;10;13900;20;;;13889.5;0.0
2;23900;ASH_COATED_OSMIUM;9992;12;9990;30;;;10009;27;10011;30;;;10000.0;0.0
2;23900;INTARIAN_PEPPER_ROOT;13885;8;13879;21;;;13899;12;13900;15;;;13889.5;0.0
2;24000;ASH_COATED_OSMIUM;9992;13;9990;21;9987;20;10008;13;10010;29;;;10000.0;0.0
2;24000;INTARIAN_PEPPER_ROOT;13882;9;;;;;13898;11;;;;;13889.0;0.0
2;24100;ASH_COATED_OSMIUM;9992;14;;;;;10009;28;10011;30;;;9999.5;0.0
2;24100;INTARIAN_PEPPER_ROOT;13880;9;;;;;13896;10;;;;;13888.5;0.0
2;24200;ASH_COATED_OSMIUM;9993;4;;;;;10009;14;10011;20;;;10000.5;0.0
2;24200;INTARIAN_PEPPER_ROOT;13879;19;13876;20;;;13896;10;13899;15;;;13888.0;0.0
2;24300;ASH_COATED_OSMIUM;9993;12;9991;20;;;10006;30;10009;25;;;10001.0;0.0
2;24300;INTARIAN_PEPPER_ROOT;13879;9;13877;23;;;13897;11;13898;19;;;13887.5;0.0
2;24400;ASH_COATED_OSMIUM;9993;15;9993;23;;;10005;14;;;;;10000.5;0.0
2;24400;INTARIAN_PEPPER_ROOT;13880;10;13876;17;;;13896;11;13898;16;;;13887.0;0.0
2;24500;ASH_COATED_OSMIUM;9992;15;9990;24;;;10008;12;10011;23;;;10000.0;0.0
2;24500;INTARIAN_PEPPER_ROOT;13878;17;13876;20;;;13894;9;;;;;13886.5;0.0
2;24600;ASH_COATED_OSMIUM;9992;29;;;;;10009;3;;;;;10000.0;0.0
2;24600;INTARIAN_PEPPER_ROOT;13879;10;13875;23;;;13894;9;;;;;13886.0;0.0
2;24700;ASH_COATED_OSMIUM;9992;11;9990;21;;;10009;14;;;;;10000.0;0.0
2;24700;INTARIAN_PEPPER_ROOT;13878;12;13873;16;;;13893;12;;;;;13885.5;0.0
2;24800;ASH_COATED_OSMIUM;9993;13;9989;10;;;10009;11;10011;20;;;10000.5;0.0
2;24800;INTARIAN_PEPPER_ROOT;13876;12;;;;;13893;11;;;;;13885.0;0.0
2;24900;ASH_COATED_OSMIUM;9993;10;;;;;10010;21;10011;21;;;10000.5;0.0
2;24900;INTARIAN_PEPPER_ROOT;13880;18;13875;16;;;13894;9;;;;;13884.5;0.0
2;25000;ASH_COATED_OSMIUM;9995;13;;;;;10008;15;;;;;10000.0;0.0
2;25000;INTARIAN_PEPPER_ROOT;13883;17;13874;20;;;13892;8;13895;22;;;13884.0;0.0
2;25100;ASH_COATED_OSMIUM;9992;15;9989;29;;;10008;10;10011;27;;;10000.0;0.0
2;25100;INTARIAN_PEPPER_ROOT;13877;12;13873;25;;;13891;11;13897;20;;;13883.5;0.0
2;25200;ASH_COATED_OSMIUM;9992;11;9990;10;;;10006;10;10011;23;;;9999.5;0.0
2;25200;INTARIAN_PEPPER_ROOT;13876;8;;;;;13885;9;13894;23;;;13883.0;0.0
2;25300;ASH_COATED_OSMIUM;9992;15;9990;26;;;10009;10;10011;20;;;9999.5;0.0
2;25300;INTARIAN_PEPPER_ROOT;13876;12;;;;;13890;20;13893;20;;;13882.5;0.0
2;25400;ASH_COATED_OSMIUM;9992;12;9993;20;;;10008;12;10010;28;;;10000.0;0.0
2;25400;INTARIAN_PEPPER_ROOT;13875;12;;;;;13890;22;13894;16;;;13882.5;0.0
2;25500;ASH_COATED_OSMIUM;9992;13;9990;30;;;10010;12;;;;;10000.0;0.0
2;25500;INTARIAN_PEPPER_ROOT;13874;11;13869;23;;;13892;11;13892;25;;;13882.0;0.0
2;25600;ASH_COATED_OSMIUM;9992;30;9989;20;;;10008;13;10011;29;;;10000.0;0.0
2;25600;INTARIAN_PEPPER_ROOT;13875;10;13871;19;;;13889;9;;;;;13881.5;0.0
2;25700;ASH_COATED_OSMIUM;9993;11;;;;;10009;14;10012;21;;;10000.5;0.0
2;25700;INTARIAN_PEPPER_ROOT;13872;12;;;;;13888;11;13894;21;;;13881.0;0.0
2;25800;ASH_COATED_OSMIUM;9993;11;9996;22;;;10010;10;;;;;10000.5;0.0
2;25800;INTARIAN_PEPPER_ROOT;13874;21;13870;23;;;13888;11;;;;;13880.5;0.0
2;25900;ASH_COATED_OSMIUM;9993;10;9991;28;;;10010;23;10011;28;;;10001.0;0.0
2;25900;INTARIAN_PEPPER_ROOT;13871;11;13869;21;;;13889;10;;;;;13880.0;0.0
2;26000;ASH_COATED_OSMIUM;9991;15;9991;21;;;10005;13;10013;28;;;10000.5;0.0
2;26000;INTARIAN_PEPPER_ROOT;13873;12;;;;;13887;11;;;;;13879.5;0.0
2;26100;ASH_COATED_OSMIUM;9991;13;9987;24;;;10009;13;10011;28;;;10000.0;0.0
2;26100;INTARIAN_PEPPER_ROOT;13872;12;;;;;13888;18;13892;18;;;13879.0;0.0
2;26200;ASH_COATED_OSMIUM;9993;10;;;;;10009;29;;;10016;29;10000.5;0.0
2;26200;INTARIAN_PEPPER_ROOT;13870;9;13868;22;;;13886;10;;;;;13878.5;0.0
2;26300;ASH_COATED_OSMIUM;9991;15;;;;;10009;13;;;;;10000.5;0.0
2;26300;INTARIAN_PEPPER_ROOT;13877;9;13868;20;;;13887;8;13890;23;;;13878.0;0.0
2;26400;ASH_COATED_OSMIUM;9997;13;9988;21;;;10008;11;10011;14;;;9999.5;0.0
2;26400;INTARIAN_PEPPER_ROOT;13870;10;13867;23;;;13885;11;;;;;13877.5;0.0
2;26500;ASH_COATED_OSMIUM;9989;12;;;;;10007;15;10009;30;;;9999.0;0.0
2;26500;INTARIAN_PEPPER_ROOT;13868;9;;;;;13884;21;;;;;13877.0;0.0
2;26600;ASH_COATED_OSMIUM;9990;13;9988;24;;;10009;4;;;;;9999.0;0.0
2;26600;INTARIAN_PEPPER_ROOT;13869;9;13865;18;;;13884;9;;;;;13876.5;0.0
2;26700;ASH_COATED_OSMIUM;9992;15;;;;;10008;11;;;;;9999.5;0.0
2;26700;INTARIAN_PEPPER_ROOT;13869;10;13864;23;;;13885;9;13886;25;;;13876.0;0.0
2;26800;ASH_COATED_OSMIUM;9993;10;;;;;10009;10;10012;24;;;10000.5;0.0
2;26800;INTARIAN_PEPPER_ROOT;13869;9;13864;16;;;13884;19;13887;20;;;13876.0;0.0
2;26900;ASH_COATED_OSMIUM;9992;15;;;;;10008;20;10011;21;;;10000.0;0.0
2;26900;INTARIAN_PEPPER_ROOT;13868;12;13864;15;;;13883;9;13886;18;;;13875.5;0.0
2;27000;ASH_COATED_OSMIUM;9997;12;9989;30;;;10008;23;10010;22;;;10000.0;0.0
2;27000;INTARIAN_PEPPER_ROOT;13868;10;13865;15;;;13883;9;;;;;13875.0;0.0
2;27100;ASH_COATED_OSMIUM;9992;10;9988;27;;;10008;10;;;;;10000.0;0.0
2;27100;INTARIAN_PEPPER_ROOT;13868;8;13863;16;;;13876;9;13885;18;;;13874.5;0.0
2;27200;ASH_COATED_OSMIUM;9992;15;9990;30;;;10008;14;10010;22;;;10000.0;0.0
2;27200;INTARIAN_PEPPER_ROOT;13867;22;13863;25;;;13881;10;13886;15;;;13874.0;0.0
2;27300;ASH_COATED_OSMIUM;9991;13;9989;21;;;10009;15;10011;27;;;10000.0;0.0
2;27300;INTARIAN_PEPPER_ROOT;13867;12;;;;;13881;9;13885;18;;;13873.5;0.0
2;27400;ASH_COATED_OSMIUM;9992;13;9989;30;;;10008;13;10014;27;;;10000.0;0.0
2;27400;INTARIAN_PEPPER_ROOT;13866;10;13862;10;;;13880;10;13884;17;;;13873.0;0.0
2;27500;ASH_COATED_OSMIUM;9990;14;9991;20;;;10009;11;10012;29;;;10000.5;0.0
2;27500;INTARIAN_PEPPER_ROOT;13866;8;13862;9;;;13880;9;13886;22;;;13872.5;0.0
2;27600;ASH_COATED_OSMIUM;9992;14;9990;25;;;10008;15;10011;26;;;10000.0;0.0
2;27600;INTARIAN_PEPPER_ROOT;13865;12;13862;19;;;13880;16;13883;17;;;13872.0;0.0
2;27700;ASH_COATED_OSMIUM;9991;14;9990;22;;;10004;12;10008;27;;;10000.5;0.0
2;27700;INTARIAN_PEPPER_ROOT;13862;8;;;;;13879;12;;;;;13871.5;0.0
2;27800;ASH_COATED_OSMIUM;9993;14;;;;;10009;11;10011;20;;;10001.0;0.0
2;27800;INTARIAN_PEPPER_ROOT;13864;10;13861;21;;;13878;8;;;;;13871.0;0.0
2;27900;ASH_COATED_OSMIUM;9993;13;9991;20;;;10010;15;10011;20;;;10001.0;0.0
2;27900;INTARIAN_PEPPER_ROOT;13862;8;13861;16;;;13878;24;;;;;13870.5;0.0
2;28000;ASH_COATED_OSMIUM;9992;20;9990;27;;;10009;14;;;;;10001.0;0.0
2;28000;INTARIAN_PEPPER_ROOT;13863;11;13859;20;;;13877;8;;;;;13870.0;0.0
2;28100;ASH_COATED_OSMIUM;9993;12;;;;;10012;14;;;;;10001.0;0.0
2;28100;INTARIAN_PEPPER_ROOT;13861;9;13859;15;;;13877;12;13886;22;;;13869.5;0.0
2;28200;ASH_COATED_OSMIUM;9992;13;;;;;10011;12;10013;26;;;10001.5;0.0
2;28200;INTARIAN_PEPPER_ROOT;13862;8;13858;25;;;13878;8;13880;15;;;13869.0;0.0
2;28300;ASH_COATED_OSMIUM;9994;29;9990;22;;;10010;12;10013;23;;;10001.5;0.0
2;28300;INTARIAN_PEPPER_ROOT;13861;10;13859;24;;;13876;9;;;;;13868.5;0.0
2;28400;ASH_COATED_OSMIUM;9992;20;9994;28;;;10009;15;10012;29;;;10001.0;0.0
2;28400;INTARIAN_PEPPER_ROOT;13861;11;13858;15;;;13876;10;13879;16;;;13868.5;0.0
2;28500;ASH_COATED_OSMIUM;9992;14;9991;20;;;10009;2;10012;25;;;10001.0;0.0
2;28500;INTARIAN_PEPPER_ROOT;13861;11;;;;;13877;9;13879;21;;;13868.0;0.0
2;28600;ASH_COATED_OSMIUM;9993;13;9996;21;;;10009;10;;;;;10000.5;0.0
2;28600;INTARIAN_PEPPER_ROOT;13860;10;13857;16;;;13875;24;;;;;13867.5;0.0
2;28700;ASH_COATED_OSMIUM;9992;10;9989;24;;;10008;12;10014;24;;;10000.0;0.0
2;28700;INTARIAN_PEPPER_ROOT;13860;11;;;;;13875;12;13879;18;;;13867.0;0.0
2;28800;ASH_COATED_OSMIUM;9992;11;;;;;10008;13;10011;23;;;10000.0;0.0
2;28800;INTARIAN_PEPPER_ROOT;13860;8;13854;20;;;13874;23;;;;;13866.5;0.0
2;28900;ASH_COATED_OSMIUM;9991;13;9989;28;;;10008;14;10012;23;;;10000.0;0.0
2;28900;INTARIAN_PEPPER_ROOT;13861;11;;;;;13874;8;13877;21;;;13866.0;0.0
2;29000;ASH_COATED_OSMIUM;9992;15;9989;22;;;10008;11;10011;29;;;10000.0;0.0
2;29000;INTARIAN_PEPPER_ROOT;13858;19;;;;;13873;11;13877;8;;;13865.5;0.0
2;29100;ASH_COATED_OSMIUM;9992;12;9989;26;;;10010;24;;;;;10000.0;0.0
2;29100;INTARIAN_PEPPER_ROOT;13857;23;;;;;13872;11;13876;25;;;13865.0;0.0
2;29200;ASH_COATED_OSMIUM;9992;14;;;;;10008;10;;;;;10000.0;0.0
2;29200;INTARIAN_PEPPER_ROOT;13857;12;13854;22;;;13872;25;13876;25;;;13864.5;0.0
2;29300;ASH_COATED_OSMIUM;9991;12;9989;13;;;10008;10;10010;29;10014;21;10000.0;0.0
2;29300;INTARIAN_PEPPER_ROOT;13857;11;;;;;13873;10;13875;23;;;13864.0;0.0
2;29400;ASH_COATED_OSMIUM;9992;11;;;;;10009;20;;;;;10000.5;0.0
2;29400;INTARIAN_PEPPER_ROOT;13857;11;;;;;13871;10;13875;16;;;13863.5;0.0
2;29500;ASH_COATED_OSMIUM;9993;15;;;;;10011;15;10011;24;;;10001.0;0.0
2;29500;INTARIAN_PEPPER_ROOT;13856;10;;;;;13871;10;13877;22;;;13863.0;0.0
2;29600;ASH_COATED_OSMIUM;9993;14;9989;21;;;10010;11;;;;;10001.0;0.0
2;29600;INTARIAN_PEPPER_ROOT;13854;11;;;;;13870;10;13873;21;;;13862.5;0.0
2;29700;ASH_COATED_OSMIUM;9992;14;9989;23;;;10010;15;10011;27;;;10000.0;0.0
2;29700;INTARIAN_PEPPER_ROOT;13857;7;13852;24;;;13869;16;;;;;13862.0;0.0
2;29800;ASH_COATED_OSMIUM;9992;11;9988;25;;;10008;15;10012;25;;;10000.0;0.0
2;29800;INTARIAN_PEPPER_ROOT;13854;11;13857;17;;;13869;11;13875;23;;;13861.5;0.0
2;29900;ASH_COATED_OSMIUM;9990;15;;;;;10009;12;10010;28;;;9999.5;0.0
2;29900;INTARIAN_PEPPER_ROOT;13854;15;13851;16;;;13868;8;13872;18;;;13861.0;0.0
2;30000;ASH_COATED_OSMIUM;9993;14;;;;;10009;15;10012;26;;;10000.5;0.0
2;30000;INTARIAN_PEPPER_ROOT;13850;10;13848;15;;;13870;24;;;;;13861.0;0.0
2;30100;ASH_COATED_OSMIUM;9995;10;9990;21;;;10010;30;10011;21;;;10000.0;0.0
2;30100;INTARIAN_PEPPER_ROOT;13852;10;13850;25;;;13870;8;13874;17;;;13860.5;0.0
2;30200;ASH_COATED_OSMIUM;9992;10;;;;;10008;12;10011;22;;;10000.0;0.0
2;30200;INTARIAN_PEPPER_ROOT;13853;11;13850;16;;;13869;10;;;;;13860.0;0.0
2;30300;ASH_COATED_OSMIUM;9993;23;9991;29;;;10010;15;;;;;10000.5;0.0
2;30300;INTARIAN_PEPPER_ROOT;13853;9;;;;;13867;9;13870;21;;;13859.5;0.0
2;30400;ASH_COATED_OSMIUM;9991;10;9990;23;;;10008;13;10012;11;;;10000.0;0.0
2;30400;INTARIAN_PEPPER_ROOT;13852;9;13848;18;;;13867;12;13871;24;;;13859.0;0.0
2;30500;ASH_COATED_OSMIUM;9995;13;;;;;10008;10;;;;;10000.0;0.0
2;30500;INTARIAN_PEPPER_ROOT;13850;10;13848;25;;;13868;12;13869;19;;;13858.5;0.0
2;30600;ASH_COATED_OSMIUM;9992;12;9989;26;;;10008;13;10011;27;;;10000.0;0.0
2;30600;INTARIAN_PEPPER_ROOT;13851;10;13847;19;;;13866;9;;;;;13858.0;0.0
2;30700;ASH_COATED_OSMIUM;9991;13;9990;30;;;10009;11;10012;30;;;10000.5;0.0
2;30700;INTARIAN_PEPPER_ROOT;13850;23;13846;25;;;13865;5;13869;19;;;13857.5;0.0
2;30800;ASH_COATED_OSMIUM;9994;7;9991;25;;;10010;12;;;;;10001.5;0.0
2;30800;INTARIAN_PEPPER_ROOT;13850;9;13847;22;;;13866;11;13868;10;;;13857.0;0.0
2;30900;ASH_COATED_OSMIUM;9994;11;;;9988;29;10007;15;10013;23;;;10001.5;0.0
2;30900;INTARIAN_PEPPER_ROOT;13848;10;13846;24;;;13864;8;;;;;13856.5;0.0
2;31000;ASH_COATED_OSMIUM;9993;14;9990;24;;;10010;20;10013;24;;;10001.0;0.0
2;31000;INTARIAN_PEPPER_ROOT;13855;9;;;;;13864;21;;;;;13856.0;0.0
2;31100;ASH_COATED_OSMIUM;9993;11;9991;26;;;10009;13;10012;30;;;10001.0;0.0
2;31100;INTARIAN_PEPPER_ROOT;13848;9;;;;;13865;17;13867;24;;;13855.5;0.0
2;31200;ASH_COATED_OSMIUM;9993;25;9990;21;;;10009;10;10007;26;;;10001.0;0.0
2;31200;INTARIAN_PEPPER_ROOT;13848;10;13845;20;;;13864;11;13866;16;;;13855.0;0.0
2;31300;ASH_COATED_OSMIUM;9993;12;9989;25;;;10009;14;;;;;10000.5;0.0
2;31300;INTARIAN_PEPPER_ROOT;13846;11;;;;;13862;10;;;;;13854.5;0.0
2;31400;ASH_COATED_OSMIUM;9991;11;9990;27;;;10010;10;;;;;10000.5;0.0
2;31400;INTARIAN_PEPPER_ROOT;13847;11;;;;;13865;9;13865;16;;;13854.0;0.0
2;31500;ASH_COATED_OSMIUM;9992;15;;;;;10008;10;10010;27;;;10000.0;0.0
2;31500;INTARIAN_PEPPER_ROOT;13849;8;13843;24;;;13861;10;;;;;13853.5;0.0
2;31600;ASH_COATED_OSMIUM;9995;12;;;;;10008;12;10011;21;;;10000.0;0.0
2;31600;INTARIAN_PEPPER_ROOT;13846;11;13843;25;;;13861;9;13865;24;;;13853.5;0.0
2;31700;ASH_COATED_OSMIUM;9991;27;9990;26;;;10008;10;10010;21;;;10000.0;0.0
2;31700;INTARIAN_PEPPER_ROOT;13844;11;;;;;13863;9;;;;;13853.0;0.0
2;31800;ASH_COATED_OSMIUM;9992;23;9989;10;;;10005;3;10010;25;;;10000.0;0.0
2;31800;INTARIAN_PEPPER_ROOT;13846;11;13842;20;;;13860;12;13863;15;;;13852.5;0.0
2;31900;ASH_COATED_OSMIUM;9991;14;9988;21;;;10008;28;;;;;9999.5;0.0
2;31900;INTARIAN_PEPPER_ROOT;13845;12;13841;21;;;13859;9;13863;23;;;13852.0;0.0
2;32000;ASH_COATED_OSMIUM;9992;26;;;;;10008;14;10011;26;;;10000.0;0.0
2;32000;INTARIAN_PEPPER_ROOT;13843;11;13841;21;;;13861;9;13862;21;;;13851.5;0.0
2;32100;ASH_COATED_OSMIUM;9993;10;;;;;10010;10;;;;;10000.5;0.0
2;32100;INTARIAN_PEPPER_ROOT;13844;16;13840;17;;;13852;11;;;;;13851.0;0.0
2;32200;ASH_COATED_OSMIUM;9993;10;9991;29;;;10006;15;10012;30;;;10000.5;0.0
2;32200;INTARIAN_PEPPER_ROOT;13844;8;;;;;13858;9;;;;;13850.5;0.0
2;32300;ASH_COATED_OSMIUM;9992;12;9990;28;;;10010;14;10010;27;;;10000.0;0.0
2;32300;INTARIAN_PEPPER_ROOT;13848;9;13839;22;;;13859;10;13861;16;;;13850.0;0.0
2;32400;ASH_COATED_OSMIUM;9992;15;9989;27;;;10009;13;;;;;10000.5;0.0
2;32400;INTARIAN_PEPPER_ROOT;13843;12;13838;18;13833;23;13857;10;13861;18;;;13849.5;0.0
2;32500;ASH_COATED_OSMIUM;9993;11;9990;20;;;10010;11;;;;;10000.5;0.0
2;32500;INTARIAN_PEPPER_ROOT;13840;11;13838;16;;;13857;11;13860;23;;;13849.0;0.0
2;32600;ASH_COATED_OSMIUM;9991;10;9990;28;;;10008;11;;;;;9999.5;0.0
2;32600;INTARIAN_PEPPER_ROOT;13838;10;13838;22;;;13858;11;;;;;13848.5;0.0
2;32700;ASH_COATED_OSMIUM;9992;13;;;;;10008;11;10011;22;;;9999.5;0.0
2;32700;INTARIAN_PEPPER_ROOT;13841;9;;;;;13855;11;13860;21;;;13848.0;0.0
2;32800;ASH_COATED_OSMIUM;9992;13;;;;;10008;5;;;;;9999.5;0.0
2;32800;INTARIAN_PEPPER_ROOT;13839;10;13837;25;;;13856;8;13858;25;;;13848.0;0.0
2;32900;ASH_COATED_OSMIUM;9990;30;9988;26;;;10009;15;;;;;9999.5;0.0
2;32900;INTARIAN_PEPPER_ROOT;13840;10;;;;;13855;9;;;;;13847.5;0.0
2;33000;ASH_COATED_OSMIUM;9991;10;9987;30;;;10009;10;10009;24;;;9999.0;0.0
2;33000;INTARIAN_PEPPER_ROOT;13840;12;;;;;13856;9;13858;21;;;13847.0;0.0
2;33100;ASH_COATED_OSMIUM;9992;10;;;;;10009;12;10012;24;;;9999.5;0.0
2;33100;INTARIAN_PEPPER_ROOT;13838;11;13837;15;;;13855;10;13858;16;;;13846.5;0.0
2;33200;ASH_COATED_OSMIUM;9991;10;9989;25;;;10007;13;10011;28;;;9999.0;0.0
2;33200;INTARIAN_PEPPER_ROOT;13838;10;13835;22;;;13855;9;13851;21;;;13846.0;0.0
2;33300;ASH_COATED_OSMIUM;9989;13;9989;27;;;10008;2;10010;23;;;9998.5;0.0
2;33300;INTARIAN_PEPPER_ROOT;13838;11;13835;22;;;13853;9;13856;16;;;13845.5;0.0
2;33400;ASH_COATED_OSMIUM;9990;11;9988;21;;;10006;13;;;;;9997.5;0.0
2;33400;INTARIAN_PEPPER_ROOT;13836;19;;;;;13854;11;13858;20;;;13845.0;0.0
2;33500;ASH_COATED_OSMIUM;9991;11;9986;22;;;10006;13;10008;27;;;9998.0;0.0
2;33500;INTARIAN_PEPPER_ROOT;13837;10;13834;18;;;13852;12;13855;16;;;13844.5;0.0
2;33600;ASH_COATED_OSMIUM;9990;27;;;;;10006;14;10009;26;;;9997.5;0.0
2;33600;INTARIAN_PEPPER_ROOT;13837;8;;;;;13852;8;13850;23;;;13844.0;0.0
2;33700;ASH_COATED_OSMIUM;9989;10;9987;21;;;10006;10;;;;;9998.0;0.0
2;33700;INTARIAN_PEPPER_ROOT;13835;23;13833;19;;;13851;8;;;;;13843.5;0.0
2;33800;ASH_COATED_OSMIUM;9991;11;9988;24;;;10007;15;10010;24;;;9998.5;0.0
2;33800;INTARIAN_PEPPER_ROOT;13836;10;13832;9;;;13851;10;13854;23;;;13843.0;0.0
2;33900;ASH_COATED_OSMIUM;9991;13;;;;;10004;13;;;;;9998.5;0.0
2;33900;INTARIAN_PEPPER_ROOT;13838;10;;;;;13850;10;;;;;13842.5;0.0
2;34000;ASH_COATED_OSMIUM;9991;13;9989;20;;;10007;13;10010;23;;;9999.0;0.0
2;34000;INTARIAN_PEPPER_ROOT;13833;10;13832;17;;;13850;12;13853;25;;;13842.0;0.0
2;34100;ASH_COATED_OSMIUM;9992;11;;;;;10008;13;10010;21;;;9999.5;0.0
2;34100;INTARIAN_PEPPER_ROOT;13837;9;13831;24;;;13851;9;;;;;13841.5;0.0
2;34200;ASH_COATED_OSMIUM;9991;27;9988;28;;;10008;26;10011;28;;;9999.5;0.0
2;34200;INTARIAN_PEPPER_ROOT;13833;9;13831;18;;;13850;12;13851;20;;;13841.0;0.0
2;34300;ASH_COATED_OSMIUM;9992;30;9988;26;;;10009;10;10010;28;;;9999.5;0.0
2;34300;INTARIAN_PEPPER_ROOT;13832;12;13831;23;;;13851;12;13851;20;;;13840.5;0.0
2;34400;ASH_COATED_OSMIUM;9992;12;;;;;10010;10;10012;22;;;10000.0;0.0
2;34400;INTARIAN_PEPPER_ROOT;13834;12;;;;;13852;12;;;;;13840.5;0.0
2;34500;ASH_COATED_OSMIUM;9991;13;9989;20;;;10007;13;10009;30;;;9999.0;0.0
2;34500;INTARIAN_PEPPER_ROOT;13831;11;;;;;13848;11;13846;17;;;13840.0;0.0
2;34600;ASH_COATED_OSMIUM;9992;11;9990;23;;;10010;12;10012;24;;;10000.0;0.0
2;34600;INTARIAN_PEPPER_ROOT;13831;9;13829;23;;;13849;10;13851;21;;;13839.5;0.0
2;34700;ASH_COATED_OSMIUM;9992;15;9990;26;;;10010;11;10012;29;;;10000.0;0.0
2;34700;INTARIAN_PEPPER_ROOT;13830;8;13829;8;;;13848;11;13851;20;;;13839.0;0.0
2;34800;ASH_COATED_OSMIUM;9992;12;;;;;10009;13;10016;20;;;10000.0;0.0
2;34800;INTARIAN_PEPPER_ROOT;13831;17;13828;21;;;13841;10;13849;16;;;13838.5;0.0
2;34900;ASH_COATED_OSMIUM;9992;15;;;;;10008;12;10010;25;;;10000.0;0.0
2;34900;INTARIAN_PEPPER_ROOT;13831;23;;;;;13847;9;13849;22;;;13838.0;0.0
2;35000;ASH_COATED_OSMIUM;9991;13;9989;12;;;10008;26;10010;26;;;10000.0;0.0
2;35000;INTARIAN_PEPPER_ROOT;13830;10;;;;;13845;10;;;;;13837.5;0.0
2;35100;ASH_COATED_OSMIUM;9996;14;9990;27;;;10009;24;;;;;10000.5;0.0
2;35100;INTARIAN_PEPPER_ROOT;13830;18;13826;25;;;13844;8;;;;;13837.0;0.0
2;35200;ASH_COATED_OSMIUM;9993;15;9989;22;;;10009;15;;;;;10000.5;0.0
2;35200;INTARIAN_PEPPER_ROOT;13830;19;13826;23;;;13844;9;13848;22;;;13836.5;0.0
2;35300;ASH_COATED_OSMIUM;9993;13;9989;24;;;10009;29;10008;20;;;10000.5;0.0
2;35300;INTARIAN_PEPPER_ROOT;13829;10;;;;;13845;11;13848;18;;;13836.0;0.0
2;35400;ASH_COATED_OSMIUM;9992;10;9989;21;;;10010;13;10011;23;;;10000.0;0.0
2;35400;INTARIAN_PEPPER_ROOT;13828;12;;;;;13838;15;13848;22;;;13835.5;0.0
2;35500;ASH_COATED_OSMIUM;9992;14;9989;12;;;10008;11;10011;28;;;10000.0;0.0
2;35500;INTARIAN_PEPPER_ROOT;13826;8;13825;22;;;13842;9;13846;16;;;13835.0;0.0
2;35600;ASH_COATED_OSMIUM;9993;14;9991;25;9988;24;10004;12;;;;;10000.5;0.0
2;35600;INTARIAN_PEPPER_ROOT;13824;16;13824;23;;;13842;12;13845;25;;;13834.5;0.0
2;35700;ASH_COATED_OSMIUM;9993;13;9990;29;;;10009;14;;;;;10000.5;0.0
2;35700;INTARIAN_PEPPER_ROOT;13827;8;13823;22;;;13842;17;13846;18;;;13834.0;0.0
2;35800;ASH_COATED_OSMIUM;9993;15;9990;27;;;10011;14;;;;;10000.5;0.0
2;35800;INTARIAN_PEPPER_ROOT;13826;24;13823;22;;;13844;9;;;;;13833.5;0.0
2;35900;ASH_COATED_OSMIUM;9991;11;9991;20;;;10009;14;10009;26;;;10000.5;0.0
2;35900;INTARIAN_PEPPER_ROOT;13827;8;13824;23;;;13841;10;;;;;13833.5;0.0
2;36000;ASH_COATED_OSMIUM;9993;15;;;;;10010;15;10012;30;;;10000.5;0.0
2;36000;INTARIAN_PEPPER_ROOT;13826;11;13822;20;;;13840;10;;;;;13833.0;0.0
2;36100;ASH_COATED_OSMIUM;9993;12;9989;24;;;10010;26;10012;20;;;10000.5;0.0
2;36100;INTARIAN_PEPPER_ROOT;13825;19;13820;18;;;13842;12;13843;15;;;13832.5;0.0
2;36200;ASH_COATED_OSMIUM;9998;15;9991;29;;;10006;13;10011;21;;;10000.5;0.0
2;36200;INTARIAN_PEPPER_ROOT;13825;10;13821;20;;;13841;10;;;;;13832.0;0.0
2;36300;ASH_COATED_OSMIUM;9996;23;9990;28;;;10011;15;;;;;10000.0;0.0
2;36300;INTARIAN_PEPPER_ROOT;13824;9;13820;20;;;13839;8;13842;18;;;13831.5;0.0
2;36400;ASH_COATED_OSMIUM;9993;20;;;;;10009;14;;;;;10001.0;0.0
2;36400;INTARIAN_PEPPER_ROOT;13824;10;13819;17;;;13838;9;13842;25;;;13831.0;0.0
2;36500;ASH_COATED_OSMIUM;9994;25;9992;26;;;10010;12;10012;20;;;10001.5;0.0
2;36500;INTARIAN_PEPPER_ROOT;13823;8;13820;23;;;13838;11;;;;;13830.5;0.0
2;36600;ASH_COATED_OSMIUM;9993;13;9990;26;;;10006;14;;;;;10001.0;0.0
2;36600;INTARIAN_PEPPER_ROOT;13820;23;13819;16;;;13839;9;13840;25;;;13830.0;0.0
2;36700;ASH_COATED_OSMIUM;9993;15;9990;27;;;10006;29;10013;21;;;10001.0;0.0
2;36700;INTARIAN_PEPPER_ROOT;13822;8;13820;20;;;13839;10;13840;21;;;13829.5;0.0
2;36800;ASH_COATED_OSMIUM;9992;11;;;;;10009;5;10011;13;;;10001.0;0.0
2;36800;INTARIAN_PEPPER_ROOT;13822;20;13819;15;;;13836;9;13842;18;;;13829.0;0.0
2;36900;ASH_COATED_OSMIUM;9992;10;9991;27;;;10010;10;10011;24;;;10001.0;0.0
2;36900;INTARIAN_PEPPER_ROOT;13821;17;13818;18;;;13836;8;13839;19;;;13828.5;0.0
2;37000;ASH_COATED_OSMIUM;9994;3;9992;24;;;10011;14;10013;26;;;10001.5;0.0
2;37000;INTARIAN_PEPPER_ROOT;13819;12;;;;;13836;8;13837;19;;;13828.0;0.0
2;37100;ASH_COATED_OSMIUM;9994;12;9992;26;;;10010;15;;;;;10001.5;0.0
2;37100;INTARIAN_PEPPER_ROOT;13820;12;;;;;13835;10;13838;18;;;13827.5;0.0
2;37200;ASH_COATED_OSMIUM;9993;23;9990;24;;;10004;15;;;;;10001.0;0.0
2;37200;INTARIAN_PEPPER_ROOT;13820;11;13816;24;;;13831;10;;;;;13827.0;0.0
2;37300;ASH_COATED_OSMIUM;9994;12;9990;29;;;10010;20;;;;;10001.5;0.0
2;37300;INTARIAN_PEPPER_ROOT;13820;24;13814;17;;;13834;20;13843;25;;;13826.5;0.0
2;37400;ASH_COATED_OSMIUM;9992;29;9990;22;;;10009;12;10011;23;;;10001.0;0.0
2;37400;INTARIAN_PEPPER_ROOT;13819;10;13817;23;;;13834;11;13837;16;;;13826.5;0.0
2;37500;ASH_COATED_OSMIUM;9994;15;9991;28;;;10005;15;10015;29;;;10001.5;0.0
2;37500;INTARIAN_PEPPER_ROOT;13817;11;13816;20;;;13833;9;13836;23;;;13826.0;0.0
2;37600;ASH_COATED_OSMIUM;9993;12;9994;22;;;10009;15;10012;25;;;10001.0;0.0
2;37600;INTARIAN_PEPPER_ROOT;13819;12;13815;19;;;13833;18;;;;;13825.5;0.0
2;37700;ASH_COATED_OSMIUM;9993;10;;;;;10009;13;10011;30;10014;25;10000.5;0.0
2;37700;INTARIAN_PEPPER_ROOT;13818;8;13815;23;;;13832;8;13835;22;;;13825.0;0.0
2;37800;ASH_COATED_OSMIUM;9992;12;9987;25;;;10008;14;;;;;10000.0;0.0
2;37800;INTARIAN_PEPPER_ROOT;13816;23;13814;23;;;13834;9;;;;;13824.5;0.0
2;37900;ASH_COATED_OSMIUM;9993;5;;;;;10009;12;;;;;10000.5;0.0
2;37900;INTARIAN_PEPPER_ROOT;13817;12;;;;;13831;10;13835;25;;;13824.0;0.0
2;38000;ASH_COATED_OSMIUM;9993;12;9987;21;;;10009;29;;;;;10001.0;0.0
2;38000;INTARIAN_PEPPER_ROOT;13817;17;13811;21;;;13831;12;13835;24;;;13823.5;0.0
2;38100;ASH_COATED_OSMIUM;9993;15;9990;30;;;10009;12;10011;29;;;10001.0;0.0
2;38100;INTARIAN_PEPPER_ROOT;13814;12;13813;18;;;13830;11;;;;;13823.0;0.0
2;38200;ASH_COATED_OSMIUM;9993;10;9991;23;;;10009;12;10011;26;;;10001.0;0.0
2;38200;INTARIAN_PEPPER_ROOT;13814;8;13810;20;;;13830;12;;;;;13822.5;0.0
2;38300;ASH_COATED_OSMIUM;9992;12;9990;24;;;10009;12;10011;20;;;10001.0;0.0
2;38300;INTARIAN_PEPPER_ROOT;13812;10;13812;19;;;13831;11;13833;24;;;13822.0;0.0
2;38400;ASH_COATED_OSMIUM;9993;13;9991;30;;;10010;13;10012;22;;;10000.5;0.0
2;38400;INTARIAN_PEPPER_ROOT;13814;8;13812;25;;;13829;10;13832;10;;;13821.5;0.0
2;38500;ASH_COATED_OSMIUM;9993;12;9991;24;;;10010;4;10011;15;10015;20;10000.5;0.0
2;38500;INTARIAN_PEPPER_ROOT;13814;11;;;;;13829;12;;;;;13821.0;0.0
2;38600;ASH_COATED_OSMIUM;9993;10;9989;26;;;10009;15;10012;28;;;10000.5;0.0
2;38600;INTARIAN_PEPPER_ROOT;13813;20;;;;;13823;18;13832;21;;;13820.5;0.0
2;38700;ASH_COATED_OSMIUM;9992;12;9990;30;;;10008;9;10011;20;;;9999.5;0.0
2;38700;INTARIAN_PEPPER_ROOT;13813;9;;;;;13828;12;13833;25;;;13820.0;0.0
2;38800;ASH_COATED_OSMIUM;9990;26;9990;14;;;10008;10;;;;;9999.5;0.0
2;38800;INTARIAN_PEPPER_ROOT;13813;9;13810;25;;;13831;21;13830;15;;;13820.0;0.0
2;38900;ASH_COATED_OSMIUM;9992;14;;;;;10009;10;10011;23;;;9999.5;0.0
2;38900;INTARIAN_PEPPER_ROOT;13815;9;13809;20;;;13827;11;13830;19;;;13819.5;0.0
2;39000;ASH_COATED_OSMIUM;9991;5;;;;;10009;11;;;;;9998.5;0.0
2;39000;INTARIAN_PEPPER_ROOT;13810;8;13808;11;;;13827;21;;;;;13819.0;0.0
2;39100;ASH_COATED_OSMIUM;9991;29;9988;22;;;10009;14;10010;20;;;9999.0;0.0
2;39100;INTARIAN_PEPPER_ROOT;13811;12;;;;;13827;19;;;;;13818.5;0.0
2;39200;ASH_COATED_OSMIUM;9990;13;9989;21;;;10007;15;10009;21;;;9998.5;0.0
2;39200;INTARIAN_PEPPER_ROOT;13809;11;13808;15;;;13825;11;13827;18;;;13818.0;0.0
2;39300;ASH_COATED_OSMIUM;9991;15;9988;26;;;10007;15;10011;26;;;9999.0;0.0
2;39300;INTARIAN_PEPPER_ROOT;13810;9;13806;18;;;13825;8;13828;18;;;13817.5;0.0
2;39400;ASH_COATED_OSMIUM;9991;30;9988;28;;;10007;29;10010;28;;;9999.0;0.0
2;39400;INTARIAN_PEPPER_ROOT;13810;11;13807;25;;;13825;10;;;;;13817.0;0.0
2;39500;ASH_COATED_OSMIUM;9991;15;9988;20;9986;25;10007;10;;;;;9999.0;0.0
2;39500;INTARIAN_PEPPER_ROOT;13808;9;13806;24;;;13824;9;13827;23;;;13816.5;0.0
2;39600;ASH_COATED_OSMIUM;9992;11;;;;;10009;13;;;;;9999.5;0.0
2;39600;INTARIAN_PEPPER_ROOT;13807;19;13805;22;;;13824;11;13829;25;;;13816.0;0.0
2;39700;ASH_COATED_OSMIUM;9991;15;;;;;10007;12;;;;;9998.5;0.0
2;39700;INTARIAN_PEPPER_ROOT;13809;10;13806;16;;;13825;12;13826;25;;;13815.5;0.0
2;39800;ASH_COATED_OSMIUM;9991;11;9989;30;;;10007;23;;;;;9999.0;0.0
2;39800;INTARIAN_PEPPER_ROOT;13808;8;13805;15;;;13824;15;13825;25;;;13815.0;0.0
2;39900;ASH_COATED_OSMIUM;9990;13;9988;28;;;10007;12;10009;22;;;9999.0;0.0
2;39900;INTARIAN_PEPPER_ROOT;13808;12;;;;;13822;11;;;;;13814.5;0.0
2;40000;ASH_COATED_OSMIUM;9992;11;9989;25;;;10009;10;10011;25;;;9999.5;0.0
2;40000;INTARIAN_PEPPER_ROOT;13805;8;13802;24;;;13823;25;13825;21;;;13814.0;0.0
2;40100;ASH_COATED_OSMIUM;9992;12;9992;30;;;10008;14;10010;13;;;9999.5;0.0
2;40100;INTARIAN_PEPPER_ROOT;13806;9;;;;;13821;8;;;;;13813.5;0.0
2;40200;ASH_COATED_OSMIUM;9990;15;9988;26;;;10007;14;10009;29;;;9999.0;0.0
2;40200;INTARIAN_PEPPER_ROOT;13804;11;13802;21;;;13823;12;;;;;13813.0;0.0
2;40300;ASH_COATED_OSMIUM;9990;15;9988;28;;;10007;13;;;;;9998.5;0.0
2;40300;INTARIAN_PEPPER_ROOT;13806;11;13802;21;;;13822;10;;;;;13813.0;0.0
2;40400;ASH_COATED_OSMIUM;9991;11;9989;28;;;10007;14;10011;26;;;9999.0;0.0
2;40400;INTARIAN_PEPPER_ROOT;13802;9;;;;;13820;8;;;;;13812.5;0.0
2;40500;ASH_COATED_OSMIUM;9996;10;9988;22;;;10007;14;;;;;9998.5;0.0
2;40500;INTARIAN_PEPPER_ROOT;13805;24;13801;21;;;13820;10;13824;22;;;13812.0;0.0
2;40600;ASH_COATED_OSMIUM;9991;11;;;;;10007;14;;;;;9998.5;0.0
2;40600;INTARIAN_PEPPER_ROOT;13805;10;13800;24;;;13819;23;13824;16;;;13811.5;0.0
2;40700;ASH_COATED_OSMIUM;9991;13;9989;27;;;10007;23;10009;25;10012;21;9998.5;0.0
2;40700;INTARIAN_PEPPER_ROOT;13804;10;;;;;13820;8;13822;17;;;13811.0;0.0
2;40800;ASH_COATED_OSMIUM;9990;10;;;;;10006;11;10008;28;;;9998.0;0.0
2;40800;INTARIAN_PEPPER_ROOT;13804;12;13803;17;;;13818;9;;;;;13810.5;0.0
2;40900;ASH_COATED_OSMIUM;9991;30;9988;22;;;10007;11;;;;;9998.5;0.0
2;40900;INTARIAN_PEPPER_ROOT;13803;10;13798;22;;;13819;12;13821;18;;;13810.0;0.0
2;41000;ASH_COATED_OSMIUM;9991;15;9989;25;;;10007;11;10011;23;;;9999.0;0.0
2;41000;INTARIAN_PEPPER_ROOT;13799;12;;;;;13817;8;;;;;13809.5;0.0
2;41100;ASH_COATED_OSMIUM;9992;14;;;;;10008;11;10007;24;;;9999.5;0.0
2;41100;INTARIAN_PEPPER_ROOT;13802;23;;;;;13817;9;;;;;13809.0;0.0
2;41200;ASH_COATED_OSMIUM;9991;15;9989;28;;;10008;12;;;;;9999.0;0.0
2;41200;INTARIAN_PEPPER_ROOT;13800;9;13798;18;;;13818;20;;;;;13808.5;0.0
2;41300;ASH_COATED_OSMIUM;9992;14;9989;27;;;10008;14;10011;30;;;9999.5;0.0
2;41300;INTARIAN_PEPPER_ROOT;13801;11;;;;;13816;8;13818;19;;;13808.0;0.0
2;41400;ASH_COATED_OSMIUM;9994;10;9989;29;;;10004;15;10010;28;;;9999.0;0.0
2;41400;INTARIAN_PEPPER_ROOT;13800;12;13795;12;;;13814;9;13820;21;;;13807.5;0.0
2;41500;ASH_COATED_OSMIUM;9991;14;;;;;10007;15;;;;;9998.5;0.0
2;41500;INTARIAN_PEPPER_ROOT;13800;8;13795;18;;;13815;12;13819;21;;;13807.0;0.0
2;41600;ASH_COATED_OSMIUM;9990;13;;;;;10008;26;;;;;9998.5;0.0
2;41600;INTARIAN_PEPPER_ROOT;13800;10;13795;18;;;13816;10;13817;24;;;13806.5;0.0
2;41700;ASH_COATED_OSMIUM;9990;10;;;;;10003;12;;;;;9998.0;0.0
2;41700;INTARIAN_PEPPER_ROOT;13800;12;13796;16;;;13816;12;;;;;13806.5;0.0
2;41800;ASH_COATED_OSMIUM;9990;10;9986;26;;;10006;9;10009;20;;;9998.0;0.0
2;41800;INTARIAN_PEPPER_ROOT;13799;12;13796;25;;;13815;12;13811;19;;;13806.0;0.0
2;41900;ASH_COATED_OSMIUM;9989;15;;;9983;21;10001;15;;;;;9998.0;0.0
2;41900;INTARIAN_PEPPER_ROOT;13799;24;;;;;13813;16;13816;18;;;13805.5;0.0
2;42000;ASH_COATED_OSMIUM;9993;14;;;;;10006;13;;;;;9998.0;0.0
2;42000;INTARIAN_PEPPER_ROOT;13802;10;13793;20;;;13812;9;13818;17;;;13805.0;0.0
2;42100;ASH_COATED_OSMIUM;9991;13;9989;25;;;10007;13;10009;30;;;9998.5;0.0
2;42100;INTARIAN_PEPPER_ROOT;13797;9;13792;23;;;13812;12;13818;19;;;13804.5;0.0
2;42200;ASH_COATED_OSMIUM;9991;14;9989;29;;;10007;11;10009;25;;;9998.5;0.0
2;42200;INTARIAN_PEPPER_ROOT;13795;8;13792;18;;;13813;10;13815;21;;;13804.0;0.0
2;42300;ASH_COATED_OSMIUM;9990;15;9988;25;;;10007;11;10012;24;;;9998.5;0.0
2;42300;INTARIAN_PEPPER_ROOT;13796;9;;;;;13813;8;13814;18;;;13803.5;0.0
2;42400;ASH_COATED_OSMIUM;9991;14;9989;27;;;10008;10;10010;24;;;9998.5;0.0
2;42400;INTARIAN_PEPPER_ROOT;13796;8;13792;23;;;13811;21;;;;;13803.0;0.0
2;42500;ASH_COATED_OSMIUM;9988;26;9988;24;;;10007;14;10011;27;;;9998.5;0.0
2;42500;INTARIAN_PEPPER_ROOT;13796;8;13792;17;;;13805;10;;;;;13802.5;0.0
2;42600;ASH_COATED_OSMIUM;9991;29;9988;28;;;10007;13;10010;22;;;9998.5;0.0
2;42600;INTARIAN_PEPPER_ROOT;13795;11;13791;25;;;13809;10;13815;15;;;13802.0;0.0
2;42700;ASH_COATED_OSMIUM;9992;11;;;;;10008;13;10011;24;;;9999.5;0.0
2;42700;INTARIAN_PEPPER_ROOT;13794;9;;;;;13809;11;13812;23;;;13801.5;0.0
2;42800;ASH_COATED_OSMIUM;9990;12;9988;20;;;10008;25;10009;20;;;9999.0;0.0
2;42800;INTARIAN_PEPPER_ROOT;13793;8;13790;20;;;13811;10;;;;;13801.0;0.0
2;42900;ASH_COATED_OSMIUM;9990;11;9988;29;;;10009;12;10011;20;;;9999.0;0.0
2;42900;INTARIAN_PEPPER_ROOT;13799;11;13789;17;;;13808;10;;;;;13800.5;0.0
2;43000;ASH_COATED_OSMIUM;9990;13;;;;;10008;11;10011;26;;;9999.5;0.0
2;43000;INTARIAN_PEPPER_ROOT;13791;11;;;;;13807;11;13811;8;;;13800.0;0.0
2;43100;ASH_COATED_OSMIUM;9992;28;;;;;10008;25;;;;;9999.5;0.0
2;43100;INTARIAN_PEPPER_ROOT;13793;10;13789;22;;;13807;11;13811;23;;;13799.5;0.0
2;43200;ASH_COATED_OSMIUM;9992;14;;;;;10008;13;10012;28;;;9999.5;0.0
2;43200;INTARIAN_PEPPER_ROOT;13793;10;13789;15;;;13804;8;13810;20;;;13799.5;0.0
2;43300;ASH_COATED_OSMIUM;9992;13;9990;25;;;10009;11;10011;22;;;9999.5;0.0
2;43300;INTARIAN_PEPPER_ROOT;13792;18;;;;;13807;8;13810;20;;;13799.0;0.0
2;43400;ASH_COATED_OSMIUM;9991;27;9988;28;;;10008;12;10009;30;;;9999.0;0.0
2;43400;INTARIAN_PEPPER_ROOT;13789;9;;;;;13806;15;;;;;13798.5;0.0
2;43500;ASH_COATED_OSMIUM;9992;25;9990;28;;;10009;30;10011;23;;;9999.5;0.0
2;43500;INTARIAN_PEPPER_ROOT;13789;8;13788;23;;;13806;9;13811;16;;;13798.0;0.0
2;43600;ASH_COATED_OSMIUM;9990;11;;;;;10009;5;;;;;9999.0;0.0
2;43600;INTARIAN_PEPPER_ROOT;13791;11;13787;23;;;13805;12;;;;;13797.5;0.0
2;43700;ASH_COATED_OSMIUM;9991;12;9990;29;;;10004;15;;;;;9999.5;0.0
2;43700;INTARIAN_PEPPER_ROOT;13790;11;13786;21;;;13804;12;;;;;13797.0;0.0
2;43800;ASH_COATED_OSMIUM;9990;11;9989;24;;;10008;13;;;;;9999.5;0.0
2;43800;INTARIAN_PEPPER_ROOT;13789;10;13786;17;;;13804;12;;;;;13796.5;0.0
2;43900;ASH_COATED_OSMIUM;9992;11;9990;29;;;10009;12;10010;11;;;9999.5;0.0
2;43900;INTARIAN_PEPPER_ROOT;13788;11;;;;;13803;9;13808;24;;;13796.0;0.0
2;44000;ASH_COATED_OSMIUM;9992;12;9989;30;;;10005;24;10005;26;;;9999.5;0.0
2;44000;INTARIAN_PEPPER_ROOT;13789;9;13783;18;;;13803;8;;;;;13795.5;0.0
2;44100;ASH_COATED_OSMIUM;9991;13;;;;;10007;14;;;;;9999.0;0.0
2;44100;INTARIAN_PEPPER_ROOT;13788;19;;;;;13803;12;13806;16;;;13795.0;0.0
2;44200;ASH_COATED_OSMIUM;9991;14;;;9985;23;10007;12;;;;;9998.5;0.0
2;44200;INTARIAN_PEPPER_ROOT;13787;5;13784;21;;;13804;9;13805;25;;;13794.5;0.0
2;44300;ASH_COATED_OSMIUM;9995;25;9988;23;;;10008;12;10010;23;;;9998.0;0.0
2;44300;INTARIAN_PEPPER_ROOT;13787;20;13784;18;;;13801;15;13804;20;;;13794.0;0.0
2;44400;ASH_COATED_OSMIUM;9991;12;9988;26;;;10007;10;10009;30;;;9998.5;0.0
2;44400;INTARIAN_PEPPER_ROOT;13785;24;13782;19;;;13803;11;13799;15;;;13793.5;0.0
2;44500;ASH_COATED_OSMIUM;9988;10;9989;28;;;10007;11;10010;24;;;9998.5;0.0
2;44500;INTARIAN_PEPPER_ROOT;13783;9;;;;;13802;9;13804;24;;;13793.0;0.0
2;44600;ASH_COATED_OSMIUM;9989;15;;;;;10006;14;;;;;9998.0;0.0
2;44600;INTARIAN_PEPPER_ROOT;13785;12;;;;;13800;9;13805;21;;;13792.5;0.0
2;44700;ASH_COATED_OSMIUM;9991;13;;;9985;26;10007;11;10010;27;;;9998.5;0.0
2;44700;INTARIAN_PEPPER_ROOT;13791;11;13782;22;;;13799;12;13804;19;;;13792.0;0.0
2;44800;ASH_COATED_OSMIUM;9990;13;9989;20;;;10008;27;10009;21;;;9998.5;0.0
2;44800;INTARIAN_PEPPER_ROOT;13783;9;13781;16;;;13800;9;;;;;13792.0;0.0
2;44900;ASH_COATED_OSMIUM;9991;12;;;;;10002;15;10011;28;;;9998.5;0.0
2;44900;INTARIAN_PEPPER_ROOT;13785;8;13781;23;;;13799;12;;;;;13791.5;0.0
2;45000;ASH_COATED_OSMIUM;9991;11;9989;21;;;10008;25;10010;30;;;9999.0;0.0
2;45000;INTARIAN_PEPPER_ROOT;13782;8;;;;;13799;9;13801;18;;;13791.0;0.0
2;45100;ASH_COATED_OSMIUM;9997;10;9989;25;;;10008;15;;;;;9999.5;0.0
2;45100;INTARIAN_PEPPER_ROOT;13784;8;;;;;13800;11;13803;18;;;13790.5;0.0
2;45200;ASH_COATED_OSMIUM;9992;14;;;;;10009;2;;;;;9999.5;0.0
2;45200;INTARIAN_PEPPER_ROOT;13783;9;;;;;13795;16;13801;15;;;13790.0;0.0
2;45300;ASH_COATED_OSMIUM;9990;10;9989;29;;;10007;15;10009;20;;;9999.0;0.0
2;45300;INTARIAN_PEPPER_ROOT;13783;11;13780;24;;;13799;10;13800;22;;;13789.5;0.0
2;45400;ASH_COATED_OSMIUM;9990;12;9988;27;;;10009;14;10011;27;;;9999.5;0.0
2;45400;INTARIAN_PEPPER_ROOT;13782;6;13778;21;;;13798;12;;;;;13789.0;0.0
2;45500;ASH_COATED_OSMIUM;9993;6;9991;24;;;10010;15;10012;25;;;10000.5;0.0
2;45500;INTARIAN_PEPPER_ROOT;13782;8;;;;;13796;5;;;13808;23;13788.5;0.0
2;45600;ASH_COATED_OSMIUM;9993;5;;;;;10010;14;10014;23;;;10001.5;0.0
2;45600;INTARIAN_PEPPER_ROOT;13781;12;13778;22;;;13796;11;13800;21;;;13788.0;0.0
2;45700;ASH_COATED_OSMIUM;9992;12;;;;;10010;22;10013;27;;;10002.0;0.0
2;45700;INTARIAN_PEPPER_ROOT;13780;8;13776;20;;;13797;12;13798;18;;;13787.5;0.0
2;45800;ASH_COATED_OSMIUM;9994;15;;;;;10011;15;;;;;10002.0;0.0
2;45800;INTARIAN_PEPPER_ROOT;13780;10;13777;22;;;13794;12;;;;;13787.0;0.0
2;45900;ASH_COATED_OSMIUM;9993;22;9992;29;;;10011;14;;;;;10001.5;0.0
2;45900;INTARIAN_PEPPER_ROOT;13780;11;13776;20;;;13794;9;;;;;13786.5;0.0
2;46000;ASH_COATED_OSMIUM;9994;11;9991;23;;;10010;11;10012;30;;;10001.5;0.0
2;46000;INTARIAN_PEPPER_ROOT;13777;12;13776;25;;;13794;22;13797;25;;;13786.0;0.0
2;46100;ASH_COATED_OSMIUM;9992;12;9989;20;;;10006;14;;;;;10001.0;0.0
2;46100;INTARIAN_PEPPER_ROOT;13775;15;13774;23;;;13793;10;;;;;13785.5;0.0
2;46200;ASH_COATED_OSMIUM;9993;15;;;;;10010;13;10011;24;;;10001.0;0.0
2;46200;INTARIAN_PEPPER_ROOT;13777;24;13775;24;;;13793;8;13798;19;;;13785.5;0.0
2;46300;ASH_COATED_OSMIUM;9992;29;9991;22;;;10009;14;10011;28;;;10001.0;0.0
2;46300;INTARIAN_PEPPER_ROOT;13776;9;;;;;13792;11;;;;;13785.0;0.0
2;46400;ASH_COATED_OSMIUM;9993;21;9990;25;;;10006;27;10011;28;;;10000.5;0.0
2;46400;INTARIAN_PEPPER_ROOT;13777;12;13774;25;;;13794;9;;;;;13784.5;0.0
2;46500;ASH_COATED_OSMIUM;9992;30;9989;25;;;10010;13;10010;20;;;10000.0;0.0
2;46500;INTARIAN_PEPPER_ROOT;13777;11;13773;22;;;13792;11;13796;24;;;13784.0;0.0
2;46600;ASH_COATED_OSMIUM;9993;23;9991;25;;;10009;11;10012;22;;;10000.5;0.0
2;46600;INTARIAN_PEPPER_ROOT;13775;9;13773;24;;;13791;20;;;;;13783.5;0.0
2;46700;ASH_COATED_OSMIUM;9993;11;;;;;10009;12;;;;;10000.5;0.0
2;46700;INTARIAN_PEPPER_ROOT;13774;16;13772;22;;;13792;5;;;;;13783.0;0.0
2;46800;ASH_COATED_OSMIUM;9995;11;9991;28;;;10009;11;;;;;10000.5;0.0
2;46800;INTARIAN_PEPPER_ROOT;13775;12;13773;17;;;13790;11;13795;25;;;13782.5;0.0
2;46900;ASH_COATED_OSMIUM;9992;12;;;;;10010;11;10011;26;10016;25;10000.5;0.0
2;46900;INTARIAN_PEPPER_ROOT;13775;9;13771;15;;;13790;12;13795;10;;;13782.0;0.0
2;47000;ASH_COATED_OSMIUM;9993;11;9991;26;;;10009;12;10011;30;;;10001.0;0.0
2;47000;INTARIAN_PEPPER_ROOT;13775;12;;;;;13789;10;;;;;13781.5;0.0
2;47100;ASH_COATED_OSMIUM;9993;20;9990;29;;;10010;11;;;;;10000.5;0.0
2;47100;INTARIAN_PEPPER_ROOT;13774;10;13771;19;;;13789;11;;;;;13781.0;0.0
2;47200;ASH_COATED_OSMIUM;9998;14;9990;21;;;10009;2;10012;26;;;10000.5;0.0
2;47200;INTARIAN_PEPPER_ROOT;13774;9;13770;19;;;13788;11;13791;23;;;13780.5;0.0
2;47300;ASH_COATED_OSMIUM;9991;20;9990;25;;;10010;13;10006;28;;;10000.0;0.0
2;47300;INTARIAN_PEPPER_ROOT;13773;8;13769;21;;;13788;11;;;;;13780.0;0.0
2;47400;ASH_COATED_OSMIUM;9993;14;9989;29;;;10009;15;;;;;10000.5;0.0
2;47400;INTARIAN_PEPPER_ROOT;13772;10;13767;16;;;13789;23;;;;;13779.5;0.0
2;47500;ASH_COATED_OSMIUM;9992;13;;;;;10009;12;10008;30;;;10000.5;0.0
2;47500;INTARIAN_PEPPER_ROOT;13772;16;13768;21;;;13786;12;13790;18;;;13779.0;0.0
2;47600;ASH_COATED_OSMIUM;9993;11;9990;20;;;10009;15;10012;30;;;10000.5;0.0
2;47600;INTARIAN_PEPPER_ROOT;13772;15;13769;15;;;13786;11;13790;16;;;13778.5;0.0
2;47700;ASH_COATED_OSMIUM;9991;12;;;;;10008;12;;;;;10000.0;0.0
2;47700;INTARIAN_PEPPER_ROOT;13771;19;13768;24;;;13785;8;13789;19;;;13778.0;0.0
2;47800;ASH_COATED_OSMIUM;9996;10;9989;23;;;10008;10;;;;;10000.0;0.0
2;47800;INTARIAN_PEPPER_ROOT;13770;10;;;;;13785;11;13789;12;;;13777.5;0.0
2;47900;ASH_COATED_OSMIUM;9991;14;9990;23;;;10008;15;10010;30;;;10000.0;0.0
2;47900;INTARIAN_PEPPER_ROOT;13770;10;13767;23;;;13785;11;13788;24;;;13777.5;0.0
2;48000;ASH_COATED_OSMIUM;9993;13;9990;28;;;10010;13;10011;20;;;10000.5;0.0
2;48000;INTARIAN_PEPPER_ROOT;13770;20;;;;;13785;11;;;;;13777.0;0.0
2;48100;ASH_COATED_OSMIUM;9993;12;9991;30;;;10009;11;10012;26;;;10000.5;0.0
2;48100;INTARIAN_PEPPER_ROOT;13770;20;13767;18;;;13784;8;;;;;13776.5;0.0
2;48200;ASH_COATED_OSMIUM;9992;15;9995;26;;;10008;15;10010;30;;;10000.0;0.0
2;48200;INTARIAN_PEPPER_ROOT;13769;16;13766;15;;;13783;10;13786;17;;;13776.0;0.0
2;48300;ASH_COATED_OSMIUM;9996;12;9989;25;;;10008;21;;;;;10000.0;0.0
2;48300;INTARIAN_PEPPER_ROOT;13767;11;;;;;13783;9;13787;21;;;13775.5;0.0
2;48400;ASH_COATED_OSMIUM;9993;10;;;;;10009;14;10011;26;;;10000.5;0.0
2;48400;INTARIAN_PEPPER_ROOT;13768;8;13764;24;;;13784;10;;;;;13775.0;0.0
2;48500;ASH_COATED_OSMIUM;9992;11;9991;28;;;10009;14;10011;10;;;10000.5;0.0
2;48500;INTARIAN_PEPPER_ROOT;13768;8;;;;;13784;18;13785;18;;;13774.5;0.0
2;48600;ASH_COATED_OSMIUM;9992;15;9990;21;;;10006;11;;;;;10000.0;0.0
2;48600;INTARIAN_PEPPER_ROOT;13767;11;13764;17;13760;19;13782;9;13785;22;;;13774.0;0.0
2;48700;ASH_COATED_OSMIUM;9994;15;9991;23;;;10006;12;;;;;10001.5;0.0
2;48700;INTARIAN_PEPPER_ROOT;13767;12;13763;24;;;13781;9;13786;25;;;13773.5;0.0
2;48800;ASH_COATED_OSMIUM;9993;14;;;;;10009;12;10011;28;;;10001.0;0.0
2;48800;INTARIAN_PEPPER_ROOT;13766;9;13761;16;;;13784;8;;;;;13773.0;0.0
2;48900;ASH_COATED_OSMIUM;9996;12;;;;;10010;14;10012;24;;;10001.5;0.0
2;48900;INTARIAN_PEPPER_ROOT;13765;24;13762;20;;;13774;12;13783;24;;;13772.5;0.0
2;49000;ASH_COATED_OSMIUM;9994;11;;;;;10010;15;10012;29;;;10001.5;0.0
2;49000;INTARIAN_PEPPER_ROOT;13765;9;13762;16;;;13781;21;13784;21;;;13772.0;0.0
2;49100;ASH_COATED_OSMIUM;9996;13;9991;21;;;10010;11;10014;28;;;10001.5;0.0
2;49100;INTARIAN_PEPPER_ROOT;13764;12;;;;;13781;9;13785;16;;;13771.5;0.0
2;49200;ASH_COATED_OSMIUM;9993;11;;;;;10010;14;10012;27;;;10001.0;0.0
2;49200;INTARIAN_PEPPER_ROOT;13764;11;13761;25;;;13779;11;;;;;13771.0;0.0
2;49300;ASH_COATED_OSMIUM;9997;14;9992;10;;;10011;11;10012;21;;;10001.5;0.0
2;49300;INTARIAN_PEPPER_ROOT;13764;22;13761;15;;;13779;12;13784;22;;;13771.0;0.0
2;49400;ASH_COATED_OSMIUM;9993;15;;;;;10010;11;10012;25;;;10001.0;0.0
2;49400;INTARIAN_PEPPER_ROOT;13764;15;13761;18;;;13778;11;;;;;13770.5;0.0
2;49500;ASH_COATED_OSMIUM;9993;12;;;;;10009;15;10011;22;;;10000.5;0.0
2;49500;INTARIAN_PEPPER_ROOT;13763;8;13760;19;;;13777;8;13781;21;;;13770.0;0.0
2;49600;ASH_COATED_OSMIUM;9991;12;9991;20;;;10009;11;10011;26;;;10000.5;0.0
2;49600;INTARIAN_PEPPER_ROOT;13762;8;13758;24;;;13777;23;;;;;13769.5;0.0
2;49700;ASH_COATED_OSMIUM;9991;10;9989;24;;;10010;13;10011;30;;;10000.0;0.0
2;49700;INTARIAN_PEPPER_ROOT;13760;20;13759;19;;;13778;8;13781;15;;;13769.0;0.0
2;49800;ASH_COATED_OSMIUM;9992;12;9989;25;;;10008;15;10010;24;;;10000.0;0.0
2;49800;INTARIAN_PEPPER_ROOT;13762;10;13759;17;;;13776;12;;;;;13768.5;0.0
2;49900;ASH_COATED_OSMIUM;9992;13;;;;;10008;25;10010;27;;;10000.0;0.0
2;49900;INTARIAN_PEPPER_ROOT;13767;9;13758;10;;;13776;8;13781;24;;;13768.0;0.0
2;50000;ASH_COATED_OSMIUM;9991;12;9990;21;;;10008;14;10013;27;;;10000.0;0.0
2;50000;INTARIAN_PEPPER_ROOT;13760;9;13757;15;;;13775;11;13780;24;;;13767.5;0.0
2;50100;ASH_COATED_OSMIUM;9992;28;;;;;10009;15;10010;2;;;10000.0;0.0
2;50100;INTARIAN_PEPPER_ROOT;13760;9;;;;;13775;9;13777;23;;;13767.0;0.0
2;50200;ASH_COATED_OSMIUM;9992;11;9989;21;;;10008;13;;;;;10000.0;0.0
2;50200;INTARIAN_PEPPER_ROOT;13759;12;13756;15;;;13776;12;13778;20;;;13766.5;0.0
2;50300;ASH_COATED_OSMIUM;9991;10;9987;22;;;10007;13;10010;21;;;10000.0;0.0
2;50300;INTARIAN_PEPPER_ROOT;13759;25;;;;;13774;11;;;;;13766.0;0.0
2;50400;ASH_COATED_OSMIUM;9992;14;9990;22;;;10008;4;10011;29;;;10000.0;0.0
2;50400;INTARIAN_PEPPER_ROOT;13758;9;13755;18;;;13773;10;13776;19;;;13765.5;0.0
2;50500;ASH_COATED_OSMIUM;9992;10;;;;;10009;10;10011;22;;;10000.5;0.0
2;50500;INTARIAN_PEPPER_ROOT;13758;8;;;;;13774;8;;;;;13765.0;0.0
2;50600;ASH_COATED_OSMIUM;9992;15;;;;;10008;28;;;;;10000.0;0.0
2;50600;INTARIAN_PEPPER_ROOT;13757;10;13753;23;;;13772;10;;;;;13764.5;0.0
2;50700;ASH_COATED_OSMIUM;9991;13;9986;28;;;10007;10;10010;26;;;9999.0;0.0
2;50700;INTARIAN_PEPPER_ROOT;13757;10;13753;15;;;13771;9;13775;21;;;13764.0;0.0
2;50800;ASH_COATED_OSMIUM;9990;15;9988;28;;;10007;14;10011;30;;;9999.0;0.0
2;50800;INTARIAN_PEPPER_ROOT;13755;10;13754;17;;;13772;10;13775;17;;;13764.0;0.0
2;50900;ASH_COATED_OSMIUM;9990;14;;;;;10009;14;10009;23;;;9998.0;0.0
2;50900;INTARIAN_PEPPER_ROOT;13757;12;;;;;13771;8;;;;;13763.5;0.0
2;51000;ASH_COATED_OSMIUM;9991;29;9987;29;;;10008;12;10009;23;;;9998.5;0.0
2;51000;INTARIAN_PEPPER_ROOT;13758;18;;;;;13770;10;;;;;13763.0;0.0
2;51100;ASH_COATED_OSMIUM;9990;14;9988;27;;;10006;10;10010;29;;;9998.0;0.0
2;51100;INTARIAN_PEPPER_ROOT;13756;22;13752;15;;;13770;12;13777;19;;;13762.5;0.0
2;51200;ASH_COATED_OSMIUM;9991;11;9988;22;;;10007;5;10011;22;;;9999.0;0.0
2;51200;INTARIAN_PEPPER_ROOT;13753;17;13752;23;;;13770;10;13773;15;;;13762.0;0.0
2;51300;ASH_COATED_OSMIUM;9995;15;9990;28;;;10009;12;10011;22;;;9999.5;0.0
2;51300;INTARIAN_PEPPER_ROOT;13755;10;13751;20;;;13769;12;13772;19;;;13761.5;0.0
2;51400;ASH_COATED_OSMIUM;9991;10;;;;;10008;10;10012;26;;;10000.0;0.0
2;51400;INTARIAN_PEPPER_ROOT;13753;16;13751;21;;;13769;11;;;;;13761.0;0.0
2;51500;ASH_COATED_OSMIUM;9991;11;9987;28;;;10008;11;10010;20;;;9999.5;0.0
2;51500;INTARIAN_PEPPER_ROOT;13754;8;13749;24;;;13770;12;13771;20;;;13760.5;0.0
2;51600;ASH_COATED_OSMIUM;9992;24;9988;30;;;10005;15;10011;23;;;9999.5;0.0
2;51600;INTARIAN_PEPPER_ROOT;13753;10;13750;23;;;13768;8;13770;19;;;13760.0;0.0
2;51700;ASH_COATED_OSMIUM;9992;26;;;;;10008;12;10011;23;;;9999.5;0.0
2;51700;INTARIAN_PEPPER_ROOT;13751;12;;;;;13767;15;;;;;13759.5;0.0
2;51800;ASH_COATED_OSMIUM;9989;14;;;;;10007;14;10009;30;;;9999.0;0.0
2;51800;INTARIAN_PEPPER_ROOT;13750;9;;;;;13766;11;;;;;13759.0;0.0
2;51900;ASH_COATED_OSMIUM;9991;13;9989;25;;;10007;13;;;;;9999.0;0.0
2;51900;INTARIAN_PEPPER_ROOT;13751;18;;;;;13766;16;13769;20;;;13758.5;0.0
2;52000;ASH_COATED_OSMIUM;9991;11;;;;;10009;14;10010;29;;;9999.0;0.0
2;52000;INTARIAN_PEPPER_ROOT;13749;8;13748;20;13742;16;13765;24;13769;25;;;13758.0;0.0
2;52100;ASH_COATED_OSMIUM;9992;27;9988;29;;;10005;12;;;10014;27;9999.5;0.0
2;52100;INTARIAN_PEPPER_ROOT;13749;18;;;;;13766;12;;;;;13757.5;0.0
2;52200;ASH_COATED_OSMIUM;9992;13;9990;22;9986;30;10009;10;10010;22;;;9999.5;0.0
2;52200;INTARIAN_PEPPER_ROOT;13751;23;;;;;13767;18;;;;;13757.5;0.0
2;52300;ASH_COATED_OSMIUM;9992;13;;;;;10008;5;10011;23;;;10000.0;0.0
2;52300;INTARIAN_PEPPER_ROOT;13750;8;13746;23;;;13765;10;;;;;13757.0;0.0
2;52400;ASH_COATED_OSMIUM;9992;11;9988;30;;;10008;10;;;;;9999.5;0.0
2;52400;INTARIAN_PEPPER_ROOT;13748;11;;;;;13766;8;13767;23;;;13756.5;0.0
2;52500;ASH_COATED_OSMIUM;9992;4;9990;29;;;10008;14;10012;26;10014;28;10000.0;0.0
2;52500;INTARIAN_PEPPER_ROOT;13749;11;13746;19;;;13764;16;13767;24;;;13756.0;0.0
2;52600;ASH_COATED_OSMIUM;9991;22;9988;30;;;10009;15;;;;;9999.5;0.0
2;52600;INTARIAN_PEPPER_ROOT;13749;10;13745;24;;;13765;10;13766;16;;;13755.5;0.0
2;52700;ASH_COATED_OSMIUM;9989;11;;;;;10009;12;10011;25;;;9999.5;0.0
2;52700;INTARIAN_PEPPER_ROOT;13748;12;13743;25;;;13763;11;13766;21;;;13755.0;0.0
2;52800;ASH_COATED_OSMIUM;9992;15;;;;;10009;10;10011;27;;;9999.5;0.0
2;52800;INTARIAN_PEPPER_ROOT;13747;17;;;;;13764;8;13765;20;;;13754.5;0.0
2;52900;ASH_COATED_OSMIUM;9991;11;9990;22;;;10008;11;;;;;10000.0;0.0
2;52900;INTARIAN_PEPPER_ROOT;13747;9;13744;19;;;13762;12;13759;16;;;13754.0;0.0
2;53000;ASH_COATED_OSMIUM;9992;13;9989;22;;;10009;13;10012;28;;;9999.5;0.0
2;53000;INTARIAN_PEPPER_ROOT;13746;12;13743;20;;;13761;23;13764;25;;;13753.5;0.0
2;53100;ASH_COATED_OSMIUM;9992;13;;;;;10008;10;10011;22;;;10000.0;0.0
2;53100;INTARIAN_PEPPER_ROOT;13744;17;;;;;13762;16;13764;18;;;13753.0;0.0
2;53200;ASH_COATED_OSMIUM;9992;15;9989;20;;;10008;12;;;;;10000.0;0.0
2;53200;INTARIAN_PEPPER_ROOT;13744;22;;;;;13760;12;13763;17;;;13752.5;0.0
2;53300;ASH_COATED_OSMIUM;9992;10;9989;25;;;10010;15;10011;14;;;10000.0;0.0
2;53300;INTARIAN_PEPPER_ROOT;13743;12;13741;25;;;13760;25;13763;19;;;13752.0;0.0
2;53400;ASH_COATED_OSMIUM;9992;11;9991;22;;;10009;13;;;;;10001.0;0.0
2;53400;INTARIAN_PEPPER_ROOT;13744;9;13741;23;;;13759;8;;;;;13751.5;0.0
2;53500;ASH_COATED_OSMIUM;9994;11;;;;;10011;10;10013;27;;;10002.0;0.0
2;53500;INTARIAN_PEPPER_ROOT;13744;8;;;;;13759;11;13762;25;;;13751.0;0.0
2;53600;ASH_COATED_OSMIUM;9992;14;;;;;10010;11;10012;29;;;10001.0;0.0
2;53600;INTARIAN_PEPPER_ROOT;13743;8;;;;;13760;24;;;;;13750.5;0.0
2;53700;ASH_COATED_OSMIUM;9991;14;9990;20;;;10009;14;10011;20;;;10000.5;0.0
2;53700;INTARIAN_PEPPER_ROOT;13743;8;13740;22;;;13762;8;13761;16;;;13750.5;0.0
2;53800;ASH_COATED_OSMIUM;9994;12;;;;;10009;15;10014;25;;;10000.0;0.0
2;53800;INTARIAN_PEPPER_ROOT;13743;10;13739;25;;;13758;23;;;;;13750.0;0.0
2;53900;ASH_COATED_OSMIUM;9992;12;9989;25;;;10009;29;;;;;9999.5;0.0
2;53900;INTARIAN_PEPPER_ROOT;13741;21;13739;18;;;13757;12;13760;17;;;13749.5;0.0
2;54000;ASH_COATED_OSMIUM;9992;11;9990;23;;;10008;10;10010;27;;;9999.5;0.0
2;54000;INTARIAN_PEPPER_ROOT;13740;9;13738;20;;;13757;10;;;;;13749.0;0.0
2;54100;ASH_COATED_OSMIUM;9995;14;9989;29;;;10010;11;10011;29;;;10000.0;0.0
2;54100;INTARIAN_PEPPER_ROOT;13742;9;13738;15;;;13753;10;13759;16;;;13748.5;0.0
2;54200;ASH_COATED_OSMIUM;9993;12;9990;22;;;10009;11;10012;13;;;10000.5;0.0
2;54200;INTARIAN_PEPPER_ROOT;13741;8;;;;;13757;11;;;;;13748.0;0.0
2;54300;ASH_COATED_OSMIUM;9993;25;;;;;10009;13;10012;22;;;10001.0;0.0
2;54300;INTARIAN_PEPPER_ROOT;13740;12;13737;16;;;13757;18;;;;;13747.5;0.0
2;54400;ASH_COATED_OSMIUM;9994;13;9990;15;;;10010;13;10012;27;;;10001.5;0.0
2;54400;INTARIAN_PEPPER_ROOT;13740;12;13737;20;;;13754;17;13758;12;;;13747.0;0.0
2;54500;ASH_COATED_OSMIUM;9994;13;9987;23;;;10011;14;10013;25;;;10001.5;0.0
2;54500;INTARIAN_PEPPER_ROOT;13740;8;13737;18;;;13754;12;13757;24;;;13746.5;0.0
2;54600;ASH_COATED_OSMIUM;9991;15;9990;21;;;10009;23;10013;27;;;10001.0;0.0
2;54600;INTARIAN_PEPPER_ROOT;13737;8;13733;23;;;13753;24;;;;;13746.0;0.0
2;54700;ASH_COATED_OSMIUM;9993;14;9989;21;;;10009;12;10012;26;;;10000.5;0.0
2;54700;INTARIAN_PEPPER_ROOT;13739;8;13735;19;;;13755;10;13759;21;;;13745.5;0.0
2;54800;ASH_COATED_OSMIUM;9992;25;;;;;10009;12;;;;;10001.0;0.0
2;54800;INTARIAN_PEPPER_ROOT;13738;23;;;;;13752;10;13757;18;;;13745.0;0.0
2;54900;ASH_COATED_OSMIUM;9993;14;9991;28;;;10009;12;10012;29;;;10000.5;0.0
2;54900;INTARIAN_PEPPER_ROOT;13743;10;13733;23;;;13754;25;13757;24;;;13744.5;0.0
2;55000;ASH_COATED_OSMIUM;9992;13;9991;20;;;10009;15;10011;29;;;10001.0;0.0
2;55000;INTARIAN_PEPPER_ROOT;13737;10;13734;19;;;13752;8;13755;22;;;13744.5;0.0
2;55100;ASH_COATED_OSMIUM;9992;15;9990;21;;;10009;25;10012;23;;;10001.0;0.0
2;55100;INTARIAN_PEPPER_ROOT;13737;9;;;;;13752;11;;;;;13744.0;0.0
2;55200;ASH_COATED_OSMIUM;9994;13;9992;28;;;10010;15;10013;23;;;10001.5;0.0
2;55200;INTARIAN_PEPPER_ROOT;13737;10;13733;25;;;13752;12;13754;22;;;13743.5;0.0
2;55300;ASH_COATED_OSMIUM;9994;11;9992;28;;;10011;11;10012;26;;;10001.5;0.0
2;55300;INTARIAN_PEPPER_ROOT;13736;9;;;;;13752;20;;;;;13743.0;0.0
2;55400;ASH_COATED_OSMIUM;9993;10;9990;25;;;10010;11;10011;21;;;10001.0;0.0
2;55400;INTARIAN_PEPPER_ROOT;13735;12;;;;;13745;15;;;;;13742.5;0.0
2;55500;ASH_COATED_OSMIUM;9991;13;9989;22;;;10010;11;10012;30;;;10000.5;0.0
2;55500;INTARIAN_PEPPER_ROOT;13733;18;13731;22;;;13751;8;13753;19;;;13742.0;0.0
2;55600;ASH_COATED_OSMIUM;9993;12;;;;;10009;29;;;10016;23;10000.5;0.0
2;55600;INTARIAN_PEPPER_ROOT;13734;12;13729;17;;;13749;9;13752;25;;;13741.5;0.0
2;55700;ASH_COATED_OSMIUM;9992;25;9990;27;;;10010;13;10012;23;;;10000.5;0.0
2;55700;INTARIAN_PEPPER_ROOT;13734;9;13731;19;;;13749;9;;;;;13741.0;0.0
2;55800;ASH_COATED_OSMIUM;9993;12;9990;22;;;10011;15;10012;30;;;10000.5;0.0
2;55800;INTARIAN_PEPPER_ROOT;13732;15;13730;23;;;13750;11;13752;24;;;13740.5;0.0
2;55900;ASH_COATED_OSMIUM;9993;10;9988;21;;;10007;12;10009;22;;;9999.0;0.0
2;55900;INTARIAN_PEPPER_ROOT;13731;8;13730;20;;;13748;10;;;;;13740.0;0.0
2;56000;ASH_COATED_OSMIUM;9991;10;9988;25;;;10007;10;10009;24;;;9999.0;0.0
2;56000;INTARIAN_PEPPER_ROOT;13731;8;13729;19;;;13741;10;;;;;13739.5;0.0
2;56100;ASH_COATED_OSMIUM;9992;13;9988;26;;;10008;15;10010;22;;;9999.5;0.0
2;56100;INTARIAN_PEPPER_ROOT;13732;12;;;;;13746;12;13749;25;;;13739.0;0.0
2;56200;ASH_COATED_OSMIUM;9991;12;9989;29;;;10007;10;;;;;9999.0;0.0
2;56200;INTARIAN_PEPPER_ROOT;13732;17;;;;;13746;12;13749;19;;;13738.5;0.0
2;56300;ASH_COATED_OSMIUM;9992;14;9988;26;;;10008;11;10011;29;;;9999.5;0.0
2;56300;INTARIAN_PEPPER_ROOT;13731;11;;;;;13747;19;13746;20;;;13738.0;0.0
2;56400;ASH_COATED_OSMIUM;9991;11;9987;23;;;10007;22;10010;24;;;9999.0;0.0
2;56400;INTARIAN_PEPPER_ROOT;13730;8;13728;17;;;13747;12;13748;22;;;13737.5;0.0
2;56500;ASH_COATED_OSMIUM;9991;14;9988;25;;;10007;11;10009;29;;;9999.0;0.0
2;56500;INTARIAN_PEPPER_ROOT;13730;11;13727;19;;;13745;11;13748;20;;;13737.5;0.0
2;56600;ASH_COATED_OSMIUM;9989;14;9987;27;;;10006;13;10009;29;;;9998.0;0.0
2;56600;INTARIAN_PEPPER_ROOT;13730;10;;;;;13745;19;13747;20;;;13737.0;0.0
2;56700;ASH_COATED_OSMIUM;9990;10;9987;25;;;10006;10;10008;21;10013;21;9997.5;0.0
2;56700;INTARIAN_PEPPER_ROOT;13730;22;;;;;13745;8;13747;16;;;13736.5;0.0
2;56800;ASH_COATED_OSMIUM;9990;11;;;;;10006;10;10009;21;;;9997.5;0.0
2;56800;INTARIAN_PEPPER_ROOT;13729;25;;;;;13743;18;;;;;13736.0;0.0
2;56900;ASH_COATED_OSMIUM;9989;15;;;;;10007;27;;;;;9998.5;0.0
2;56900;INTARIAN_PEPPER_ROOT;13728;11;;;;;13743;12;13746;24;;;13735.5;0.0
2;57000;ASH_COATED_OSMIUM;9990;11;;;;;10006;10;10009;27;;;9998.0;0.0
2;57000;INTARIAN_PEPPER_ROOT;13728;8;13724;16;;;13742;8;13745;20;;;13735.0;0.0
2;57100;ASH_COATED_OSMIUM;9990;26;9988;25;9985;27;10002;14;10008;25;;;9998.0;0.0
2;57100;INTARIAN_PEPPER_ROOT;13727;9;;;;;13744;9;13748;23;;;13734.5;0.0
2;57200;ASH_COATED_OSMIUM;9990;10;9989;25;;;10007;14;;;;;9998.5;0.0
2;57200;INTARIAN_PEPPER_ROOT;13727;12;13722;19;;;13741;8;13744;21;;;13734.0;0.0
2;57300;ASH_COATED_OSMIUM;9989;8;;;;;10008;30;;;;;9998.5;0.0
2;57300;INTARIAN_PEPPER_ROOT;13727;9;13723;15;;;13741;19;;;;;13733.5;0.0
2;57400;ASH_COATED_OSMIUM;9991;11;;;;;10008;13;10010;27;;;9998.5;0.0
2;57400;INTARIAN_PEPPER_ROOT;13723;11;;;;;13740;12;;;;;13733.0;0.0
2;57500;ASH_COATED_OSMIUM;9991;14;9988;23;;;10007;10;;;;;9998.5;0.0
2;57500;INTARIAN_PEPPER_ROOT;13724;9;;;;;13734;12;13743;25;;;13732.5;0.0
2;57600;ASH_COATED_OSMIUM;9991;10;;;;;10009;14;10010;21;;;9998.5;0.0
2;57600;INTARIAN_PEPPER_ROOT;13725;19;13721;18;;;13739;11;13744;22;;;13732.0;0.0
2;57700;ASH_COATED_OSMIUM;9991;21;;;;;10007;10;;;;;9998.5;0.0
2;57700;INTARIAN_PEPPER_ROOT;13725;8;13721;18;;;13739;12;;;;;13731.5;0.0
2;57800;ASH_COATED_OSMIUM;9990;14;;;;;10007;27;10011;28;;;9999.0;0.0
2;57800;INTARIAN_PEPPER_ROOT;13724;19;13721;20;;;13739;10;13741;17;;;13731.0;0.0
2;57900;ASH_COATED_OSMIUM;9991;11;9988;11;;;10009;20;;;;;9999.0;0.0
2;57900;INTARIAN_PEPPER_ROOT;13729;9;13720;23;;;13740;8;13742;25;;;13731.0;0.0
2;58000;ASH_COATED_OSMIUM;9989;12;;;;;10004;15;10010;27;;;9998.5;0.0
2;58000;INTARIAN_PEPPER_ROOT;13722;10;13719;17;;;13738;25;13741;22;;;13730.5;0.0
2;58100;ASH_COATED_OSMIUM;9990;13;9988;24;;;10007;12;10009;14;;;9998.5;0.0
2;58100;INTARIAN_PEPPER_ROOT;13725;12;13719;21;;;13737;25;;;;;13730.0;0.0
2;58200;ASH_COATED_OSMIUM;9991;10;;;;;10007;14;10009;27;;;9999.0;0.0
2;58200;INTARIAN_PEPPER_ROOT;13722;11;;;;;13737;8;;;;;13729.5;0.0
2;58300;ASH_COATED_OSMIUM;9991;10;;;;;10008;21;10011;22;;;9999.0;0.0
2;58300;INTARIAN_PEPPER_ROOT;13722;11;;;;;13738;9;13739;24;;;13729.0;0.0
2;58400;ASH_COATED_OSMIUM;9991;14;9989;30;;;10007;12;10010;27;;;9998.5;0.0
2;58400;INTARIAN_PEPPER_ROOT;13721;9;;;;;13736;11;;;;;13728.5;0.0
2;58500;ASH_COATED_OSMIUM;9991;11;9987;20;;;10007;24;10009;26;;;9998.5;0.0
2;58500;INTARIAN_PEPPER_ROOT;13721;10;13716;25;13713;19;13735;24;13739;19;;;13728.0;0.0
2;58600;ASH_COATED_OSMIUM;9991;12;;;;;10007;11;10009;22;;;9998.5;0.0
2;58600;INTARIAN_PEPPER_ROOT;13719;20;13716;8;;;13737;17;13740;25;;;13727.5;0.0
2;58700;ASH_COATED_OSMIUM;9995;12;9989;27;;;10007;15;10009;25;;;9998.5;0.0
2;58700;INTARIAN_PEPPER_ROOT;13722;9;13717;19;;;13736;9;;;;;13727.0;0.0
2;58800;ASH_COATED_OSMIUM;9990;11;;;;;10008;12;10011;28;;;9999.5;0.0
2;58800;INTARIAN_PEPPER_ROOT;13720;22;13715;17;;;13734;12;;;;;13726.5;0.0
2;58900;ASH_COATED_OSMIUM;9992;13;9989;23;;;10008;10;10011;26;;;10000.0;0.0
2;58900;INTARIAN_PEPPER_ROOT;13719;10;13715;24;;;13735;11;13737;21;;;13726.0;0.0
2;59000;ASH_COATED_OSMIUM;9991;12;9989;28;;;10008;10;10011;12;;;9999.5;0.0
2;59000;INTARIAN_PEPPER_ROOT;13718;10;13713;22;;;13735;11;13737;23;;;13725.5;0.0
2;59100;ASH_COATED_OSMIUM;9992;10;;;;;10008;10;10010;23;;;9999.5;0.0
2;59100;INTARIAN_PEPPER_ROOT;13718;12;13715;22;;;13732;22;13736;22;;;13725.0;0.0
2;59200;ASH_COATED_OSMIUM;9991;12;9989;22;;;10007;13;10010;28;;;9999.0;0.0
2;59200;INTARIAN_PEPPER_ROOT;13717;9;13714;17;;;13733;11;;;;;13724.5;0.0
2;59300;ASH_COATED_OSMIUM;9990;12;9989;23;;;10007;15;10009;25;;;9999.0;0.0
2;59300;INTARIAN_PEPPER_ROOT;13717;10;13714;22;;;13733;9;13737;18;;;13724.0;0.0
2;59400;ASH_COATED_OSMIUM;9991;12;9987;30;;;10007;14;10005;26;;;9999.0;0.0
2;59400;INTARIAN_PEPPER_ROOT;13717;8;13711;15;;;13733;8;13735;24;;;13724.0;0.0
2;59500;ASH_COATED_OSMIUM;9994;14;;;;;10007;10;;;;;9998.5;0.0
2;59500;INTARIAN_PEPPER_ROOT;13716;8;13712;23;13708;19;13731;9;13736;17;;;13723.5;0.0
2;59600;ASH_COATED_OSMIUM;9991;11;;;;;10009;15;10010;20;;;9999.0;0.0
2;59600;INTARIAN_PEPPER_ROOT;13716;10;13713;22;;;13730;10;13734;19;;;13723.0;0.0
2;59700;ASH_COATED_OSMIUM;9992;11;9989;20;;;10008;14;10010;29;;;9999.5;0.0
2;59700;INTARIAN_PEPPER_ROOT;13716;12;13712;15;;;13725;20;13733;18;;;13722.5;0.0
2;59800;ASH_COATED_OSMIUM;9992;12;9988;22;;;10008;10;;;;;9999.5;0.0
2;59800;INTARIAN_PEPPER_ROOT;13713;10;13711;23;;;13732;18;;;;;13722.0;0.0
2;59900;ASH_COATED_OSMIUM;9992;13;;;;;10008;11;;;;;9999.5;0.0
2;59900;INTARIAN_PEPPER_ROOT;13714;9;13710;17;;;13729;19;;;;;13721.5;0.0
2;60000;ASH_COATED_OSMIUM;9996;13;9989;28;;;10007;15;10009;24;;;9999.0;0.0
2;60000;INTARIAN_PEPPER_ROOT;13712;12;13711;22;;;13723;10;13733;20;;;13721.0;0.0
2;60100;ASH_COATED_OSMIUM;9992;14;9989;24;;;10008;2;10011;27;;;9999.5;0.0
2;60100;INTARIAN_PEPPER_ROOT;13714;12;;;;;13728;11;13733;17;;;13720.5;0.0
2;60200;ASH_COATED_OSMIUM;9991;23;;;;;10007;26;;;;;9999.0;0.0
2;60200;INTARIAN_PEPPER_ROOT;13711;20;13710;16;;;13728;8;13731;25;;;13720.0;0.0
2;60300;ASH_COATED_OSMIUM;9991;15;;;;;10008;10;;;;;9999.0;0.0
2;60300;INTARIAN_PEPPER_ROOT;13712;11;13710;17;;;13729;11;13730;24;;;13719.5;0.0
2;60400;ASH_COATED_OSMIUM;9991;12;9989;13;;;10007;30;;;;;9999.0;0.0
2;60400;INTARIAN_PEPPER_ROOT;13712;11;13709;18;;;13726;8;13730;24;;;13719.0;0.0
2;60500;ASH_COATED_OSMIUM;9989;13;;;;;10009;10;10011;20;;;9999.5;0.0
2;60500;INTARIAN_PEPPER_ROOT;13712;8;13708;24;;;13726;9;13724;16;;;13718.5;0.0
2;60600;ASH_COATED_OSMIUM;9992;10;;;;;10008;11;;;;;10000.0;0.0
2;60600;INTARIAN_PEPPER_ROOT;13711;10;13708;17;;;13727;9;;;;;13718.0;0.0
2;60700;ASH_COATED_OSMIUM;9992;22;;;;;10009;14;10012;30;;;10000.5;0.0
2;60700;INTARIAN_PEPPER_ROOT;13710;11;13708;23;;;13725;8;;;;;13717.5;0.0
2;60800;ASH_COATED_OSMIUM;9995;22;9990;21;;;10009;15;;;;;10000.0;0.0
2;60800;INTARIAN_PEPPER_ROOT;13711;9;;;;;13725;11;13728;22;;;13717.5;0.0
2;60900;ASH_COATED_OSMIUM;9992;10;;;;;10008;27;10011;29;10016;28;10000.0;0.0
2;60900;INTARIAN_PEPPER_ROOT;13709;12;13707;19;;;13724;11;;;;;13717.0;0.0
2;61000;ASH_COATED_OSMIUM;9991;13;9989;22;;;10010;15;;;;;10000.0;0.0
2;61000;INTARIAN_PEPPER_ROOT;13709;12;13706;22;;;13726;17;13729;20;;;13716.5;0.0
2;61100;ASH_COATED_OSMIUM;9993;14;;;;;10009;23;10012;23;;;10000.5;0.0
2;61100;INTARIAN_PEPPER_ROOT;13708;25;13706;17;;;13723;12;;;;;13716.0;0.0
2;61200;ASH_COATED_OSMIUM;9991;12;9991;22;;;10009;12;10012;28;;;10000.5;0.0
2;61200;INTARIAN_PEPPER_ROOT;13714;9;13705;17;;;13725;15;;;;;13715.5;0.0
2;61300;ASH_COATED_OSMIUM;9992;15;;;;;10009;10;10010;24;;;9999.5;0.0
2;61300;INTARIAN_PEPPER_ROOT;13707;11;;;;;13724;8;13726;22;;;13715.0;0.0
2;61400;ASH_COATED_OSMIUM;9991;10;9988;21;;;10010;10;;;;;10000.0;0.0
2;61400;INTARIAN_PEPPER_ROOT;13706;9;13703;25;;;13722;8;;;;;13714.5;0.0
2;61500;ASH_COATED_OSMIUM;9995;23;;;;;10008;12;;;;;9999.5;0.0
2;61500;INTARIAN_PEPPER_ROOT;13707;11;13703;20;;;13722;9;13726;24;;;13714.0;0.0
2;61600;ASH_COATED_OSMIUM;9992;11;;;;;10009;13;10011;26;;;9999.5;0.0
2;61600;INTARIAN_PEPPER_ROOT;13707;10;13703;20;;;13717;8;13724;20;;;13713.5;0.0
2;61700;ASH_COATED_OSMIUM;9992;15;;;;;10008;29;10010;27;;;10000.0;0.0
2;61700;INTARIAN_PEPPER_ROOT;13704;9;13703;16;;;13722;12;13724;16;;;13713.0;0.0
2;61800;ASH_COATED_OSMIUM;9992;29;9990;25;;;10008;15;10011;20;;;10000.0;0.0
2;61800;INTARIAN_PEPPER_ROOT;13705;17;13701;19;;;13722;11;13724;23;;;13712.5;0.0
2;61900;ASH_COATED_OSMIUM;9991;15;9989;30;;;10007;11;10011;26;;;9999.0;0.0
2;61900;INTARIAN_PEPPER_ROOT;13707;10;;;;;13722;9;13722;25;;;13712.0;0.0
2;62000;ASH_COATED_OSMIUM;9991;13;;;;;10008;10;;;;;10000.0;0.0
2;62000;INTARIAN_PEPPER_ROOT;13702;8;13702;20;;;13721;12;13722;18;;;13711.5;0.0
2;62100;ASH_COATED_OSMIUM;9993;13;;;;;10009;13;10011;27;;;10000.5;0.0
2;62100;INTARIAN_PEPPER_ROOT;13704;9;13699;20;;;13718;8;13723;15;;;13711.0;0.0
2;62200;ASH_COATED_OSMIUM;9992;15;9990;26;;;10008;11;;;10014;10;10000.0;0.0
2;62200;INTARIAN_PEPPER_ROOT;13704;8;;;;;13720;9;;;;;13710.5;0.0
2;62300;ASH_COATED_OSMIUM;9991;13;9989;25;;;10007;15;10010;29;;;9999.0;0.0
2;62300;INTARIAN_PEPPER_ROOT;13709;9;13700;17;;;13720;11;13721;19;;;13710.5;0.0
2;62400;ASH_COATED_OSMIUM;9992;14;9990;25;;;10008;10;10011;28;;;10000.0;0.0
2;62400;INTARIAN_PEPPER_ROOT;13701;16;13699;24;;;13718;24;;;;;13710.0;0.0
2;62500;ASH_COATED_OSMIUM;9992;14;;;;;10008;12;;;;;9999.5;0.0
2;62500;INTARIAN_PEPPER_ROOT;13702;12;13699;25;;;13717;11;13721;20;;;13709.5;0.0
2;62600;ASH_COATED_OSMIUM;9992;12;;;;;10008;14;;;;;10000.0;0.0
2;62600;INTARIAN_PEPPER_ROOT;13702;15;;;;;13718;11;;;;;13709.0;0.0
2;62700;ASH_COATED_OSMIUM;9992;12;;;;;10010;12;10010;20;;;9999.5;0.0
2;62700;INTARIAN_PEPPER_ROOT;13698;12;13697;17;;;13718;8;13720;19;;;13708.5;0.0
2;62800;ASH_COATED_OSMIUM;9992;14;9990;25;;;10008;24;10010;20;;;10000.0;0.0
2;62800;INTARIAN_PEPPER_ROOT;13701;22;13698;22;;;13716;11;;;;;13708.0;0.0
2;62900;ASH_COATED_OSMIUM;9993;29;;;;;10009;10;10012;28;;;10000.5;0.0
2;62900;INTARIAN_PEPPER_ROOT;13701;9;13697;23;;;13715;9;13718;23;;;13707.5;0.0
2;63000;ASH_COATED_OSMIUM;9993;10;9990;26;;;10005;12;10011;25;;;10000.5;0.0
2;63000;INTARIAN_PEPPER_ROOT;13700;20;13696;8;;;13714;19;13718;17;;;13707.0;0.0
2;63100;ASH_COATED_OSMIUM;9993;12;9990;25;;;10009;15;;;;;10000.5;0.0
2;63100;INTARIAN_PEPPER_ROOT;13698;11;13696;15;;;13716;9;13719;22;;;13706.5;0.0
2;63200;ASH_COATED_OSMIUM;9991;15;9991;25;;;10009;10;;;;;10000.5;0.0
2;63200;INTARIAN_PEPPER_ROOT;13697;11;;;;;13714;12;13717;21;;;13706.0;0.0
2;63300;ASH_COATED_OSMIUM;9991;14;9987;28;;;10008;10;10010;24;;;10000.0;0.0
2;63300;INTARIAN_PEPPER_ROOT;13699;12;13694;15;;;13707;10;;;;;13705.5;0.0
2;63400;ASH_COATED_OSMIUM;9996;15;;;9987;30;10008;10;10011;24;;;10000.0;0.0
2;63400;INTARIAN_PEPPER_ROOT;13698;21;13701;25;;;13712;9;;;;;13705.0;0.0
2;63500;ASH_COATED_OSMIUM;9992;11;9990;23;;;10008;22;10012;26;;;10000.0;0.0
2;63500;INTARIAN_PEPPER_ROOT;13698;8;;;;;13712;22;;;;;13704.5;0.0
2;63600;ASH_COATED_OSMIUM;9992;13;9990;27;;;10008;14;10011;20;;;10000.0;0.0
2;63600;INTARIAN_PEPPER_ROOT;13697;8;13694;19;;;13711;11;13714;18;;;13704.0;0.0
2;63700;ASH_COATED_OSMIUM;9992;15;9989;29;;;10008;15;;;;;9999.5;0.0
2;63700;INTARIAN_PEPPER_ROOT;13695;8;13694;21;;;13713;24;13714;21;;;13704.0;0.0
2;63800;ASH_COATED_OSMIUM;9991;10;9989;26;;;10003;15;10011;28;;;9999.0;0.0
2;63800;INTARIAN_PEPPER_ROOT;13696;9;13693;25;;;13711;12;13714;15;;;13703.5;0.0
2;63900;ASH_COATED_OSMIUM;9992;10;9990;27;;;10008;13;;;;;10000.0;0.0
2;63900;INTARIAN_PEPPER_ROOT;13696;6;;;;;13710;9;;;;;13703.0;0.0
2;64000;ASH_COATED_OSMIUM;9992;12;;;;;10009;14;;;;;10000.0;0.0
2;64000;INTARIAN_PEPPER_ROOT;13696;12;;;;;13710;8;;;;;13702.5;0.0
2;64100;ASH_COATED_OSMIUM;9991;14;9990;28;;;10006;12;10012;30;;;10000.5;0.0
2;64100;INTARIAN_PEPPER_ROOT;13695;11;;;;;13710;9;13713;21;;;13702.0;0.0
2;64200;ASH_COATED_OSMIUM;9993;15;9989;13;;;10010;29;;;;;10000.5;0.0
2;64200;INTARIAN_PEPPER_ROOT;13695;8;13691;17;;;13709;8;13707;19;;;13701.5;0.0
2;64300;ASH_COATED_OSMIUM;9993;12;9990;25;;;10011;15;;;;;10001.0;0.0
2;64300;INTARIAN_PEPPER_ROOT;13692;12;13690;18;;;13710;10;;;;;13701.0;0.0
2;64400;ASH_COATED_OSMIUM;9993;15;9991;20;;;10009;12;10012;24;;;10000.5;0.0
2;64400;INTARIAN_PEPPER_ROOT;13693;9;13691;20;;;13710;12;13712;17;;;13700.5;0.0
2;64500;ASH_COATED_OSMIUM;9991;14;9991;23;;;10011;12;10012;25;;;10000.5;0.0
2;64500;INTARIAN_PEPPER_ROOT;13692;16;13688;22;;;13707;9;;;;;13700.0;0.0
2;64600;ASH_COATED_OSMIUM;9992;12;9990;20;;;10009;11;10011;20;;;10001.0;0.0
2;64600;INTARIAN_PEPPER_ROOT;13691;9;;;;;13709;18;13710;16;;;13699.5;0.0
2;64700;ASH_COATED_OSMIUM;9993;14;9990;27;;;10011;15;;;;;10001.0;0.0
2;64700;INTARIAN_PEPPER_ROOT;13692;9;13689;24;;;13707;18;13710;15;13715;15;13699.0;0.0
2;64800;ASH_COATED_OSMIUM;9992;12;9990;20;;;10009;13;10012;24;;;10001.0;0.0
2;64800;INTARIAN_PEPPER_ROOT;13692;12;;;;;13706;10;13709;24;;;13698.5;0.0
2;64900;ASH_COATED_OSMIUM;9993;13;9991;22;;;10010;27;10012;26;;;10001.5;0.0
2;64900;INTARIAN_PEPPER_ROOT;13691;9;;;;;13705;25;13709;15;;;13698.0;0.0
2;65000;ASH_COATED_OSMIUM;9992;12;9990;27;;;10011;27;10011;26;;;10001.0;0.0
2;65000;INTARIAN_PEPPER_ROOT;13689;8;13687;18;;;13705;11;13708;22;;;13697.5;0.0
2;65100;ASH_COATED_OSMIUM;9993;12;9990;30;;;10009;12;10012;29;;;10001.0;0.0
2;65100;INTARIAN_PEPPER_ROOT;13688;11;;;;;13705;11;13708;15;;;13697.5;0.0
2;65200;ASH_COATED_OSMIUM;9993;22;9991;23;;;10009;2;10013;23;;;10001.0;0.0
2;65200;INTARIAN_PEPPER_ROOT;13690;10;;;;;13705;11;13708;20;;;13697.0;0.0
2;65300;ASH_COATED_OSMIUM;9992;10;9994;22;;;10009;12;;;;;10001.0;0.0
2;65300;INTARIAN_PEPPER_ROOT;13688;10;13686;17;;;13704;9;;;;;13696.5;0.0
2;65400;ASH_COATED_OSMIUM;9994;30;9991;29;;;10005;13;10012;25;;;10001.5;0.0
2;65400;INTARIAN_PEPPER_ROOT;13687;10;13686;8;;;13705;8;13701;25;;;13696.0;0.0
2;65500;ASH_COATED_OSMIUM;9996;13;9991;29;;;10009;10;10012;24;;;10001.0;0.0
2;65500;INTARIAN_PEPPER_ROOT;13689;18;13685;23;;;13704;8;13706;16;;;13695.5;0.0
2;65600;ASH_COATED_OSMIUM;9991;12;9989;23;;;10010;15;10010;21;;;10000.0;0.0
2;65600;INTARIAN_PEPPER_ROOT;13688;9;13685;24;;;13702;11;13706;16;;;13695.0;0.0
2;65700;ASH_COATED_OSMIUM;9990;14;;;;;10008;14;;;;;9999.5;0.0
2;65700;INTARIAN_PEPPER_ROOT;13686;10;;;;;13702;8;13705;21;;;13694.5;0.0
2;65800;ASH_COATED_OSMIUM;9992;11;9990;21;;;10008;12;10010;26;;;10000.0;0.0
2;65800;INTARIAN_PEPPER_ROOT;13687;10;13682;19;;;13703;10;13707;15;;;13694.0;0.0
2;65900;ASH_COATED_OSMIUM;9992;27;9989;28;;;10008;15;10012;21;;;9999.5;0.0
2;65900;INTARIAN_PEPPER_ROOT;13687;12;;;;;13703;12;13705;25;;;13693.5;0.0
2;66000;ASH_COATED_OSMIUM;9992;12;9990;21;;;10008;15;;;;;10000.0;0.0
2;66000;INTARIAN_PEPPER_ROOT;13686;9;;;;;13700;9;13704;23;;;13693.0;0.0
2;66100;ASH_COATED_OSMIUM;9992;10;9991;26;;;10009;15;;;;;10000.5;0.0
2;66100;INTARIAN_PEPPER_ROOT;13684;11;13682;21;;;13700;20;13703;20;;;13692.5;0.0
2;66200;ASH_COATED_OSMIUM;9993;13;9989;29;;;10010;14;10012;24;;;10000.5;0.0
2;66200;INTARIAN_PEPPER_ROOT;13685;10;13679;22;;;13701;20;13703;19;;;13692.0;0.0
2;66300;ASH_COATED_OSMIUM;9992;12;9990;30;;;10008;13;10010;30;;;10000.0;0.0
2;66300;INTARIAN_PEPPER_ROOT;13683;12;13681;25;;;13699;12;13702;24;;;13691.5;0.0
2;66400;ASH_COATED_OSMIUM;9996;23;9989;21;;;10010;10;10011;28;;;10000.0;0.0
2;66400;INTARIAN_PEPPER_ROOT;13684;12;;;;;13698;11;13703;15;;;13691.0;0.0
2;66500;ASH_COATED_OSMIUM;9991;22;9989;23;;;10008;14;10012;27;;;10000.0;0.0
2;66500;INTARIAN_PEPPER_ROOT;13684;11;;;;;13698;15;13701;23;;;13690.5;0.0
2;66600;ASH_COATED_OSMIUM;9993;14;9991;29;;;10009;14;10011;25;;;10000.5;0.0
2;66600;INTARIAN_PEPPER_ROOT;13683;8;13679;16;;;13697;17;13695;23;;;13690.0;0.0
2;66700;ASH_COATED_OSMIUM;9993;12;9990;30;;;10009;15;10012;20;;;10000.5;0.0
2;66700;INTARIAN_PEPPER_ROOT;13683;10;13679;23;;;13698;12;13701;18;;;13690.0;0.0
2;66800;ASH_COATED_OSMIUM;9993;25;;;;;10009;14;10011;21;;;10000.5;0.0
2;66800;INTARIAN_PEPPER_ROOT;13682;9;13680;22;;;13697;12;13703;19;;;13689.5;0.0
2;66900;ASH_COATED_OSMIUM;9992;10;9990;26;;;10009;2;10011;25;;;10001.0;0.0
2;66900;INTARIAN_PEPPER_ROOT;13681;8;13679;22;;;13698;11;13701;21;;;13689.0;0.0
2;67000;ASH_COATED_OSMIUM;9993;11;;;;;10006;11;10011;29;;;10001.0;0.0
2;67000;INTARIAN_PEPPER_ROOT;13681;10;13677;15;;;13697;9;13699;23;;;13688.5;0.0
2;67100;ASH_COATED_OSMIUM;9993;12;;;;;10010;15;10013;20;;;10001.5;0.0
2;67100;INTARIAN_PEPPER_ROOT;13681;8;13678;21;;;13695;9;;;;;13688.0;0.0
2;67200;ASH_COATED_OSMIUM;9992;13;9990;26;;;10010;14;10013;27;;;10000.5;0.0
2;67200;INTARIAN_PEPPER_ROOT;13679;9;;;;;13695;12;;;;;13687.5;0.0
2;67300;ASH_COATED_OSMIUM;9993;15;9991;20;;;10009;11;10011;29;;;10000.5;0.0
2;67300;INTARIAN_PEPPER_ROOT;13679;8;13673;24;;;13696;8;;;;;13687.0;0.0
2;67400;ASH_COATED_OSMIUM;9993;14;9989;21;;;10010;15;10012;22;;;10000.5;0.0
2;67400;INTARIAN_PEPPER_ROOT;13685;10;;;;;13694;8;13698;25;;;13686.5;0.0
2;67500;ASH_COATED_OSMIUM;9993;10;9990;23;;;10009;12;10012;20;;;10000.5;0.0
2;67500;INTARIAN_PEPPER_ROOT;13679;8;13675;21;;;13693;25;13697;15;;;13686.0;0.0
2;67600;ASH_COATED_OSMIUM;9992;11;9991;27;;;10009;12;10011;30;;;10001.0;0.0
2;67600;INTARIAN_PEPPER_ROOT;13679;10;;;;;13693;10;13696;22;;;13685.5;0.0
2;67700;ASH_COATED_OSMIUM;9991;10;9991;26;;;10009;13;10012;20;;;10000.5;0.0
2;67700;INTARIAN_PEPPER_ROOT;13678;5;;;;;13687;8;;;;;13685.0;0.0
