day;timestamp;product;bid_price_1;bid_volume_1;bid_price_2;bid_volume_2;bid_price_3;bid_volume_3;ask_price_1;ask_volume_1;ask_price_2;ask_volume_2;ask_price_3;ask_volume_3;mid_price;profit_and_loss
3;0;ASH_COATED_OSMIUM;9992;12;;;;;10008;23;10012;27;;;9999.5;0.0
3;0;INTARIAN_PEPPER_ROOT;9334;9;9333;19;;;9353;22;9354;15;;;9343.0;0.0
3;100;ASH_COATED_OSMIUM;9993;13;9990;29;;;10010;28;10011;27;;;10000.5;0.0
3;100;INTARIAN_PEPPER_ROOT;9334;9;9338;25;;;9350;9;9353;18;;;9342.5;0.0
3;200;ASH_COATED_OSMIUM;9992;12;9989;23;;;10008;15;10011;10;;;10000.0;0.0
3;200;INTARIAN_PEPPER_ROOT;9335;8;9331;17;;;9349;11;9355;22;;;9342.0;0.0
3;300;ASH_COATED_OSMIUM;9993;20;9990;26;;;10010;14;10011;26;;;10000.5;0.0
3;300;INTARIAN_PEPPER_ROOT;9335;10;9332;18;;;9349;9;9354;22;;;9341.5;0.0
3;400;ASH_COATED_OSMIUM;9994;10;9991;22;;;10010;10;10013;20;;;10000.5;0.0
3;400;INTARIAN_PEPPER_ROOT;9334;11;9331;17;;;9350;12;9352;22;;;9341.0;0.0
3;500;ASH_COATED_OSMIUM;9993;13;;;;;10009;15;10012;29;;;10000.5;0.0
3;500;INTARIAN_PEPPER_ROOT;9333;25;9327;15;;;9348;11;9351;21;;;9340.0;0.0
3;600;ASH_COATED_OSMIUM;9993;14;;;;;10009;10;;;;;10000.5;0.0
3;600;INTARIAN_PEPPER_ROOT;9332;11;;;;;9348;4;9353;21;;;9339.5;0.0
3;700;ASH_COATED_OSMIUM;9994;14;9991;22;;;10010;15;10012;23;;;10001.5;0.0
3;700;INTARIAN_PEPPER_ROOT;9332;11;9327;19;;;9346;11;;;;;9339.0;0.0
3;800;ASH_COATED_OSMIUM;9993;13;9991;24;;;10007;15;10011;20;;;10001.0;0.0
3;800;INTARIAN_PEPPER_ROOT;9329;8;9328;25;;;9346;9;9344;16;;;9338.5;0.0
3;900;ASH_COATED_OSMIUM;9992;11;9990;26;;;10009;11;10013;29;;;10001.0;0.0
3;900;INTARIAN_PEPPER_ROOT;9333;11;;;;;9345;9;9349;17;;;9338.0;0.0
3;1000;ASH_COATED_OSMIUM;9993;15;9991;14;;;10009;10;10012;28;;;10001.0;0.0
3;1000;INTARIAN_PEPPER_ROOT;9330;11;;;;;9344;9;9348;20;;;9337.0;0.0
3;1100;ASH_COATED_OSMIUM;9993;13;9991;25;;;10010;14;10012;26;;;10000.5;0.0
3;1100;INTARIAN_PEPPER_ROOT;9328;10;;;;;9344;8;9347;18;;;9336.5;0.0
3;1200;ASH_COATED_OSMIUM;9993;10;9988;20;;;10009;15;10012;30;;;10000.5;0.0
3;1200;INTARIAN_PEPPER_ROOT;9329;11;9326;17;;;9344;11;9348;22;;;9336.0;0.0
3;1300;ASH_COATED_OSMIUM;9992;14;;;;;10009;11;10012;24;;;10000.5;0.0
3;1300;INTARIAN_PEPPER_ROOT;9327;11;;;;;9343;11;9347;20;;;9335.5;0.0
3;1400;ASH_COATED_OSMIUM;9992;12;9990;29;;;10011;23;;;;;10001.0;0.0
3;1400;INTARIAN_PEPPER_ROOT;9326;10;9330;21;;;9342;10;9345;23;;;9334.5;0.0
3;1500;ASH_COATED_OSMIUM;9991;11;9991;23;;;10010;12;10013;23;;;10001.5;0.0
3;1500;INTARIAN_PEPPER_ROOT;9326;24;;;9317;16;9341;18;;;;;9334.0;0.0
3;1600;ASH_COATED_OSMIUM;9993;12;9991;24;;;10004;10;10011;30;;;10001.0;0.0
3;1600;INTARIAN_PEPPER_ROOT;9326;11;9322;17;;;9343;10;9350;21;;;9333.5;0.0
3;1700;ASH_COATED_OSMIUM;9992;14;9989;24;;;10008;12;10011;25;;;10000.0;0.0
3;1700;INTARIAN_PEPPER_ROOT;9326;12;9323;21;;;9341;11;9343;10;;;9333.0;0.0
3;1800;ASH_COATED_OSMIUM;9991;10;9995;24;;;10011;14;10014;24;;;10000.0;0.0
3;1800;INTARIAN_PEPPER_ROOT;9325;11;;;;;9342;8;;;;;9332.5;0.0
3;1900;ASH_COATED_OSMIUM;9992;11;;;;;10008;11;10011;25;;;9999.5;0.0
3;1900;INTARIAN_PEPPER_ROOT;9324;10;;;;;9339;9;9343;19;;;9331.5;0.0
3;2000;ASH_COATED_OSMIUM;9992;12;;;;;10009;10;10011;20;;;9999.5;0.0
3;2000;INTARIAN_PEPPER_ROOT;9324;10;9320;23;;;9339;11;;;;;9331.0;0.0
3;2100;ASH_COATED_OSMIUM;9992;13;9988;22;;;10008;12;10010;29;;;10000.0;0.0
3;2100;INTARIAN_PEPPER_ROOT;9324;9;9320;22;;;9340;16;;;;;9330.5;0.0
3;2200;ASH_COATED_OSMIUM;9995;12;;;;;10008;23;;;;;10000.0;0.0
3;2200;INTARIAN_PEPPER_ROOT;9321;12;9320;24;;;9337;10;9341;17;;;9330.0;0.0
3;2300;ASH_COATED_OSMIUM;9993;12;9991;13;;;10011;20;;;;;10001.0;0.0
3;2300;INTARIAN_PEPPER_ROOT;9320;11;9318;18;;;9337;11;9339;15;;;9329.0;0.0
3;2400;ASH_COATED_OSMIUM;9993;10;;;;;10009;13;10011;23;;;10001.0;0.0
3;2400;INTARIAN_PEPPER_ROOT;9321;9;;;;;9336;8;;;;;9328.5;0.0
3;2500;ASH_COATED_OSMIUM;9993;22;9991;23;;;10009;12;;;;;10001.0;0.0
3;2500;INTARIAN_PEPPER_ROOT;9321;8;9318;23;;;9335;12;9339;22;;;9328.0;0.0
3;2600;ASH_COATED_OSMIUM;9993;2;9991;24;;;10009;10;10012;29;;;10001.0;0.0
3;2600;INTARIAN_PEPPER_ROOT;9319;8;;;;;9337;11;9338;19;;;9327.5;0.0
3;2700;ASH_COATED_OSMIUM;9993;24;9989;20;;;10009;15;10012;24;;;10000.5;0.0
3;2700;INTARIAN_PEPPER_ROOT;9320;17;;;;;9335;11;9338;17;;;9327.0;0.0
3;2800;ASH_COATED_OSMIUM;9993;12;9990;24;;;10010;15;10012;29;;;10000.5;0.0
3;2800;INTARIAN_PEPPER_ROOT;9319;10;;;;;9333;8;;;;;9326.0;0.0
3;2900;ASH_COATED_OSMIUM;9993;12;9991;30;9988;21;10009;15;10012;20;;;10000.5;0.0
3;2900;INTARIAN_PEPPER_ROOT;9316;10;9315;12;;;9334;25;9337;24;;;9325.5;0.0
3;3000;ASH_COATED_OSMIUM;9992;12;9990;23;;;10009;13;10010;22;;;9999.5;0.0
3;3000;INTARIAN_PEPPER_ROOT;9318;12;9315;19;;;9335;9;9337;20;;;9325.0;0.0
3;3100;ASH_COATED_OSMIUM;9989;21;9992;28;;;10009;13;10011;27;;;9999.5;0.0
3;3100;INTARIAN_PEPPER_ROOT;9316;10;;;;;9332;12;;;;;9324.5;0.0
3;3200;ASH_COATED_OSMIUM;9992;11;9995;21;;;10008;13;;;;;10000.0;0.0
3;3200;INTARIAN_PEPPER_ROOT;9317;11;9314;15;;;9332;9;;;;;9324.0;0.0
3;3300;ASH_COATED_OSMIUM;9992;14;;;;;10008;15;10010;24;;;10000.0;0.0
3;3300;INTARIAN_PEPPER_ROOT;9315;8;9313;22;;;9331;10;9336;19;;;9323.0;0.0
3;3400;ASH_COATED_OSMIUM;9992;12;9989;25;;;10008;14;;;;;10000.0;0.0
3;3400;INTARIAN_PEPPER_ROOT;9316;8;;;;;9330;9;9333;17;;;9322.5;0.0
3;3500;ASH_COATED_OSMIUM;9992;25;9993;20;;;10008;14;10010;21;;;10000.0;0.0
3;3500;INTARIAN_PEPPER_ROOT;9315;8;;;;;9330;10;9334;15;;;9322.0;0.0
3;3600;ASH_COATED_OSMIUM;9992;11;9988;21;;;10008;11;;;;;9999.5;0.0
3;3600;INTARIAN_PEPPER_ROOT;9314;8;;;;;9329;8;9333;22;;;9321.5;0.0
3;3700;ASH_COATED_OSMIUM;9995;13;9989;28;;;10008;13;10010;22;;;10000.0;0.0
3;3700;INTARIAN_PEPPER_ROOT;9314;9;9309;24;;;9331;8;9334;19;;;9321.0;0.0
3;3800;ASH_COATED_OSMIUM;9992;11;9990;28;;;10008;11;10010;28;;;10000.0;0.0
3;3800;INTARIAN_PEPPER_ROOT;9313;9;;;;;9328;11;;;;;9320.0;0.0
3;3900;ASH_COATED_OSMIUM;9992;11;;;;;10008;10;10012;24;;;10000.0;0.0
3;3900;INTARIAN_PEPPER_ROOT;9318;12;9309;19;;;9329;9;9331;19;;;9319.5;0.0
3;4000;ASH_COATED_OSMIUM;9992;27;9990;26;;;10003;12;10011;27;;;9999.5;0.0
3;4000;INTARIAN_PEPPER_ROOT;9312;8;;;;;9328;21;9330;16;;;9319.0;0.0
3;4100;ASH_COATED_OSMIUM;9992;28;9988;28;;;10008;15;;;;;9999.5;0.0
3;4100;INTARIAN_PEPPER_ROOT;9311;12;9308;16;;;9328;12;9329;16;;;9318.5;0.0
3;4200;ASH_COATED_OSMIUM;9989;25;9989;25;;;10009;15;10010;26;;;9999.0;0.0
3;4200;INTARIAN_PEPPER_ROOT;9309;8;;;;;9328;11;;;;;9318.0;0.0
3;4300;ASH_COATED_OSMIUM;9990;11;;;;;10007;2;;;;;9999.0;0.0
3;4300;INTARIAN_PEPPER_ROOT;9310;10;9307;22;;;9322;9;;;;;9317.0;0.0
3;4400;ASH_COATED_OSMIUM;9990;14;;;;;10007;10;10009;21;;;9999.0;0.0
3;4400;INTARIAN_PEPPER_ROOT;9308;12;9304;15;;;9326;23;;;;;9316.5;0.0
3;4500;ASH_COATED_OSMIUM;9991;24;9989;26;;;10007;12;;;;;9999.0;0.0
3;4500;INTARIAN_PEPPER_ROOT;9309;12;9305;12;;;9324;21;;;;;9316.0;0.0
3;4600;ASH_COATED_OSMIUM;9990;10;;;;;10007;5;10010;21;;;9999.0;0.0
3;4600;INTARIAN_PEPPER_ROOT;9309;12;;;;;9323;10;;;;;9315.5;0.0
3;4700;ASH_COATED_OSMIUM;9991;12;9988;26;;;10008;13;10011;21;;;9999.5;0.0
3;4700;INTARIAN_PEPPER_ROOT;9306;10;9304;19;;;9322;11;9325;18;;;9314.5;0.0
3;4800;ASH_COATED_OSMIUM;9992;14;;;;;10009;12;;;;;9999.5;0.0
3;4800;INTARIAN_PEPPER_ROOT;9307;12;9303;24;;;9323;9;9325;17;;;9314.0;0.0
3;4900;ASH_COATED_OSMIUM;9992;13;9989;30;;;10010;10;10011;24;;;9999.5;0.0
3;4900;INTARIAN_PEPPER_ROOT;9305;12;9302;19;;;9323;12;9325;21;9332;16;9313.5;0.0
3;5000;ASH_COATED_OSMIUM;9991;14;9989;13;;;10010;28;;;;;9999.5;0.0
3;5000;INTARIAN_PEPPER_ROOT;9304;8;9302;24;;;9321;21;;;;;9313.0;0.0
3;5100;ASH_COATED_OSMIUM;9991;11;;;;;10008;10;10010;30;;;10000.0;0.0
3;5100;INTARIAN_PEPPER_ROOT;9306;11;9302;24;;;9320;12;9326;23;;;9312.5;0.0
3;5200;ASH_COATED_OSMIUM;9992;10;9988;27;;;10008;10;10011;25;;;10000.0;0.0
3;5200;INTARIAN_PEPPER_ROOT;9305;12;;;;;9319;24;9323;15;;;9312.0;0.0
3;5300;ASH_COATED_OSMIUM;9992;11;9989;30;;;10008;30;10010;23;;;10000.0;0.0
3;5300;INTARIAN_PEPPER_ROOT;9304;9;9301;19;;;9319;9;9324;23;;;9311.0;0.0
3;5400;ASH_COATED_OSMIUM;9992;15;9990;22;;;10008;11;10011;27;;;10000.0;0.0
3;5400;INTARIAN_PEPPER_ROOT;9303;24;;;;;9318;8;9321;17;;;9310.5;0.0
3;5500;ASH_COATED_OSMIUM;9995;11;9992;22;;;10010;11;10013;20;10016;26;10001.5;0.0
3;5500;INTARIAN_PEPPER_ROOT;9301;11;9299;24;9294;22;9317;11;;;;;9310.0;0.0
3;5600;ASH_COATED_OSMIUM;9993;15;9990;29;;;10009;10;10012;22;;;10001.0;0.0
3;5600;INTARIAN_PEPPER_ROOT;9302;11;9297;21;;;9317;4;9320;15;;;9309.5;0.0
3;5700;ASH_COATED_OSMIUM;9992;12;9992;20;;;10011;4;10012;24;;;10001.5;0.0
3;5700;INTARIAN_PEPPER_ROOT;9302;11;;;;;9316;11;9319;18;;;9308.5;0.0
3;5800;ASH_COATED_OSMIUM;9994;15;;;;;10011;11;10012;26;;;10002.0;0.0
3;5800;INTARIAN_PEPPER_ROOT;9301;24;;;;;9315;17;9319;19;;;9308.0;0.0
3;5900;ASH_COATED_OSMIUM;9994;14;9992;30;;;10010;11;;;;;10001.5;0.0
3;5900;INTARIAN_PEPPER_ROOT;9300;9;;;;;9317;8;9319;25;;;9307.5;0.0
3;6000;ASH_COATED_OSMIUM;9991;10;;;;;10010;12;;;;;10001.0;0.0
3;6000;INTARIAN_PEPPER_ROOT;9300;12;9297;19;;;9314;9;9317;25;;;9307.0;0.0
3;6100;ASH_COATED_OSMIUM;9995;10;9992;25;;;10011;27;10015;23;;;10002.5;0.0
3;6100;INTARIAN_PEPPER_ROOT;9298;8;9296;21;;;9314;12;;;;;9306.5;0.0
3;6200;ASH_COATED_OSMIUM;9993;11;9990;25;;;10012;10;10012;20;;;10002.0;0.0
3;6200;INTARIAN_PEPPER_ROOT;9298;11;9295;24;;;9313;8;9316;15;;;9305.5;0.0
3;6300;ASH_COATED_OSMIUM;9993;11;;;;;10010;11;10014;29;;;10002.0;0.0
3;6300;INTARIAN_PEPPER_ROOT;9296;23;9295;22;;;9313;11;9316;8;;;9305.0;0.0
3;6400;ASH_COATED_OSMIUM;9994;11;9995;20;;;10010;23;10012;26;;;10002.0;0.0
3;6400;INTARIAN_PEPPER_ROOT;9303;8;;;;;9314;8;9318;18;;;9304.5;0.0
3;6500;ASH_COATED_OSMIUM;9992;15;9991;28;;;10005;15;10013;26;;;10001.5;0.0
3;6500;INTARIAN_PEPPER_ROOT;9297;23;;;;;9311;10;9315;24;;;9304.0;0.0
3;6600;ASH_COATED_OSMIUM;9994;10;;;;;10010;15;;;10016;29;10002.0;0.0
3;6600;INTARIAN_PEPPER_ROOT;9297;9;;;;;9311;9;;;;;9303.5;0.0
3;6700;ASH_COATED_OSMIUM;9994;10;;;;;10010;13;;;;;10002.0;0.0
3;6700;INTARIAN_PEPPER_ROOT;9295;11;9290;22;;;9310;11;9314;24;;;9302.5;0.0
3;6800;ASH_COATED_OSMIUM;9994;15;;;;;10010;14;10014;30;;;10002.0;0.0
3;6800;INTARIAN_PEPPER_ROOT;9294;11;;;;;9310;12;9314;25;;;9302.0;0.0
3;6900;ASH_COATED_OSMIUM;9994;12;;;;;10010;13;;;;;10001.5;0.0
3;6900;INTARIAN_PEPPER_ROOT;9294;19;9292;23;;;9309;8;;;;;9301.5;0.0
3;7000;ASH_COATED_OSMIUM;9993;15;9991;21;;;10010;14;10012;27;;;10001.5;0.0
3;7000;INTARIAN_PEPPER_ROOT;9294;11;;;;;9309;10;9312;18;;;9301.0;0.0
3;7100;ASH_COATED_OSMIUM;9994;10;9992;29;;;10011;12;;;;;10001.5;0.0
3;7100;INTARIAN_PEPPER_ROOT;9292;10;9290;24;;;9307;8;;;;;9300.0;0.0
3;7200;ASH_COATED_OSMIUM;9993;13;9991;21;;;10009;13;;;;;10001.0;0.0
3;7200;INTARIAN_PEPPER_ROOT;9293;10;;;;;9307;10;9311;19;;;9299.5;0.0
3;7300;ASH_COATED_OSMIUM;9992;20;;;;;10005;10;10010;30;;;10000.0;0.0
3;7300;INTARIAN_PEPPER_ROOT;9290;12;9289;15;;;9306;9;9311;15;;;9299.0;0.0
3;7400;ASH_COATED_OSMIUM;9991;15;;;;;10009;27;10011;26;;;10000.5;0.0
3;7400;INTARIAN_PEPPER_ROOT;9292;12;9288;15;;;9306;25;9312;21;;;9298.5;0.0
3;7500;ASH_COATED_OSMIUM;9993;12;9991;24;;;10010;11;;;;;10001.0;0.0
3;7500;INTARIAN_PEPPER_ROOT;9291;9;;;;;9305;9;9310;21;;;9298.0;0.0
3;7600;ASH_COATED_OSMIUM;9992;12;9991;23;;;10009;12;10012;23;;;10001.0;0.0
3;7600;INTARIAN_PEPPER_ROOT;9288;8;9286;16;;;9304;17;9308;16;;;9297.0;0.0
3;7700;ASH_COATED_OSMIUM;9993;11;;;;;10009;13;10011;27;;;10001.0;0.0
3;7700;INTARIAN_PEPPER_ROOT;9288;12;9286;21;;;9304;8;9307;12;;;9296.5;0.0
3;7800;ASH_COATED_OSMIUM;9997;12;9992;26;;;10010;14;;;;;10002.0;0.0
3;7800;INTARIAN_PEPPER_ROOT;9289;9;;;;;9304;11;9307;20;;;9296.0;0.0
3;7900;ASH_COATED_OSMIUM;9994;26;9990;20;;;10011;10;;;;;10001.5;0.0
3;7900;INTARIAN_PEPPER_ROOT;9289;18;9291;22;;;9305;8;9306;22;;;9295.5;0.0
3;8000;ASH_COATED_OSMIUM;9993;10;9991;27;;;10009;13;;;;;10001.0;0.0
3;8000;INTARIAN_PEPPER_ROOT;9287;10;9284;24;;;9302;11;;;;;9294.5;0.0
3;8100;ASH_COATED_OSMIUM;9993;24;;;;;10009;11;10012;25;;;10001.0;0.0
3;8100;INTARIAN_PEPPER_ROOT;9287;9;9284;22;;;9301;16;;;;;9294.0;0.0
3;8200;ASH_COATED_OSMIUM;9993;10;;;;;10010;27;;;;;10001.5;0.0
3;8200;INTARIAN_PEPPER_ROOT;9285;9;9283;16;;;9301;8;;;;;9293.5;0.0
3;8300;ASH_COATED_OSMIUM;9994;13;9992;21;;;10011;15;10012;21;;;10002.0;0.0
3;8300;INTARIAN_PEPPER_ROOT;9290;12;9282;18;;;9302;9;;;;;9293.0;0.0
3;8400;ASH_COATED_OSMIUM;9995;12;9991;21;;;10011;28;10016;21;;;10002.5;0.0
3;8400;INTARIAN_PEPPER_ROOT;9285;10;;;;;9300;6;;;;;9292.5;0.0
3;8500;ASH_COATED_OSMIUM;9995;29;9993;30;;;10011;14;10014;25;;;10002.5;0.0
3;8500;INTARIAN_PEPPER_ROOT;9284;11;9279;15;;;9299;10;9303;19;9309;23;9291.5;0.0
3;8600;ASH_COATED_OSMIUM;9994;12;;;;;10013;15;;;;;10002.0;0.0
3;8600;INTARIAN_PEPPER_ROOT;9284;18;;;;;9298;16;9302;17;;;9291.0;0.0
3;8700;ASH_COATED_OSMIUM;9994;12;;;;;10010;12;10012;28;;;10001.5;0.0
3;8700;INTARIAN_PEPPER_ROOT;9283;9;9280;20;;;9300;15;9301;16;;;9290.5;0.0
3;8800;ASH_COATED_OSMIUM;9994;15;9992;29;;;10010;13;10012;21;;;10001.5;0.0
3;8800;INTARIAN_PEPPER_ROOT;9283;8;;;;;9297;10;9301;21;;;9290.0;0.0
3;8900;ASH_COATED_OSMIUM;9992;10;9989;23;;;10010;15;10011;26;;;10001.0;0.0
3;8900;INTARIAN_PEPPER_ROOT;9281;12;9280;25;;;9297;9;9301;16;;;9289.5;0.0
3;9000;ASH_COATED_OSMIUM;9992;15;;;;;10011;14;;;;;10001.5;0.0
3;9000;INTARIAN_PEPPER_ROOT;9281;19;9277;23;;;9296;8;9299;18;;;9288.5;0.0
3;9100;ASH_COATED_OSMIUM;9993;12;9990;22;;;10009;14;10012;30;;;10001.0;0.0
3;9100;INTARIAN_PEPPER_ROOT;9279;9;9278;16;;;9295;9;9299;22;;;9288.0;0.0
3;9200;ASH_COATED_OSMIUM;9998;10;;;;;10009;10;10011;23;;;10000.5;0.0
3;9200;INTARIAN_PEPPER_ROOT;9281;11;;;;;9295;9;;;;;9287.5;0.0
3;9300;ASH_COATED_OSMIUM;9992;11;;;;;10010;10;10010;29;;;10000.0;0.0
3;9300;INTARIAN_PEPPER_ROOT;9279;12;9276;23;;;9294;10;;;;;9287.0;0.0
3;9400;ASH_COATED_OSMIUM;9991;11;;;;;10008;4;;;10014;20;10000.0;0.0
3;9400;INTARIAN_PEPPER_ROOT;9279;10;9274;23;;;9294;8;9297;15;;;9286.0;0.0
3;9500;ASH_COATED_OSMIUM;9995;14;9990;27;;;10009;12;;;;;10000.5;0.0
3;9500;INTARIAN_PEPPER_ROOT;9278;15;9274;23;;;9293;8;;;;;9285.5;0.0
3;9600;ASH_COATED_OSMIUM;9993;7;;;;;10009;10;10011;21;;;10001.0;0.0
3;9600;INTARIAN_PEPPER_ROOT;9276;9;9275;17;;;9294;10;9296;22;;;9285.0;0.0
3;9700;ASH_COATED_OSMIUM;9993;11;9990;23;;;10006;11;10011;25;;;10001.0;0.0
3;9700;INTARIAN_PEPPER_ROOT;9276;24;;;;;9292;17;9296;24;;;9284.5;0.0
3;9800;ASH_COATED_OSMIUM;9997;12;9990;28;;;10009;15;10012;15;;;10001.0;0.0
3;9800;INTARIAN_PEPPER_ROOT;9273;6;;;;;9291;11;9295;24;;;9284.0;0.0
3;9900;ASH_COATED_OSMIUM;9992;15;9991;21;;;10010;13;10012;22;;;10001.5;0.0
3;9900;INTARIAN_PEPPER_ROOT;9276;11;;;;;9291;8;9294;20;;;9283.0;0.0
3;10000;ASH_COATED_OSMIUM;9992;13;9991;28;;;10010;22;;;;;10001.5;0.0
3;10000;INTARIAN_PEPPER_ROOT;9276;9;9272;17;;;9294;23;9293;16;;;9282.5;0.0
3;10100;ASH_COATED_OSMIUM;9993;10;;;;;10009;30;10011;29;;;10001.0;0.0
3;10100;INTARIAN_PEPPER_ROOT;9274;11;;;;;9289;8;9293;25;;;9282.0;0.0
3;10200;ASH_COATED_OSMIUM;9993;11;9985;22;;;10009;13;;;;;10001.0;0.0
3;10200;INTARIAN_PEPPER_ROOT;9275;11;9270;21;;;9289;10;;;;;9281.5;0.0
3;10300;ASH_COATED_OSMIUM;9992;15;9991;22;;;10009;5;10012;30;;;10001.0;0.0
3;10300;INTARIAN_PEPPER_ROOT;9274;10;9270;20;;;9290;11;9291;19;;;9281.0;0.0
3;10400;ASH_COATED_OSMIUM;9993;10;9989;27;;;10009;15;10011;29;;;10000.5;0.0
3;10400;INTARIAN_PEPPER_ROOT;9271;8;9270;18;;;9288;11;9291;24;;;9280.0;0.0
3;10500;ASH_COATED_OSMIUM;9993;30;9990;24;;;10009;15;;;;;10000.5;0.0
3;10500;INTARIAN_PEPPER_ROOT;9272;12;9267;22;9265;18;9289;8;;;;;9279.5;0.0
3;10600;ASH_COATED_OSMIUM;9993;10;;;;;10009;11;10011;21;;;10000.5;0.0
3;10600;INTARIAN_PEPPER_ROOT;9272;8;9269;15;;;9287;10;9289;22;;;9279.0;0.0
3;10700;ASH_COATED_OSMIUM;9993;11;9989;24;;;10010;13;;;;;10001.0;0.0
3;10700;INTARIAN_PEPPER_ROOT;9276;8;9266;18;;;9286;10;9289;18;;;9278.5;0.0
3;10800;ASH_COATED_OSMIUM;9994;13;9991;30;;;10011;15;10013;30;;;10001.5;0.0
3;10800;INTARIAN_PEPPER_ROOT;9270;9;;;;;9285;11;9288;22;;;9277.5;0.0
3;10900;ASH_COATED_OSMIUM;9993;11;9990;23;;;10009;28;10012;20;;;10001.0;0.0
3;10900;INTARIAN_PEPPER_ROOT;9270;10;;;;;9288;8;;;;;9277.0;0.0
3;11000;ASH_COATED_OSMIUM;9992;10;9989;25;;;10010;27;10010;30;;;10000.0;0.0
3;11000;INTARIAN_PEPPER_ROOT;9266;9;9267;17;;;9286;12;9287;11;;;9276.5;0.0
3;11100;ASH_COATED_OSMIUM;9992;14;;;;;10008;10;10011;27;;;9999.5;0.0
3;11100;INTARIAN_PEPPER_ROOT;9269;10;9264;24;;;9285;12;;;;;9276.0;0.0
3;11200;ASH_COATED_OSMIUM;9991;11;9988;20;;;10007;13;10009;14;;;9999.0;0.0
3;11200;INTARIAN_PEPPER_ROOT;9269;11;9266;16;;;9283;9;9286;19;;;9275.5;0.0
3;11300;ASH_COATED_OSMIUM;9992;14;9989;21;;;10008;11;10010;23;;;9999.5;0.0
3;11300;INTARIAN_PEPPER_ROOT;9267;12;9265;15;;;9284;25;9287;24;;;9274.5;0.0
3;11400;ASH_COATED_OSMIUM;9990;12;;;;;10007;12;10013;23;;;9999.0;0.0
3;11400;INTARIAN_PEPPER_ROOT;9267;12;9261;23;;;9282;11;9285;20;;;9274.0;0.0
3;11500;ASH_COATED_OSMIUM;9991;11;9983;30;;;10007;15;10010;29;;;9998.5;0.0
3;11500;INTARIAN_PEPPER_ROOT;9266;10;;;;;9282;11;;;;;9273.5;0.0
3;11600;ASH_COATED_OSMIUM;9991;10;9989;20;;;10007;15;10010;28;;;9999.0;0.0
3;11600;INTARIAN_PEPPER_ROOT;9266;10;9263;16;;;9280;9;;;;;9273.0;0.0
3;11700;ASH_COATED_OSMIUM;9992;10;9990;22;;;10008;10;;;;;9999.5;0.0
3;11700;INTARIAN_PEPPER_ROOT;9266;11;9261;22;;;9280;8;9284;17;;;9272.5;0.0
3;11800;ASH_COATED_OSMIUM;9991;23;;;;;10009;13;10011;30;;;9999.5;0.0
3;11800;INTARIAN_PEPPER_ROOT;9264;11;9261;24;;;9279;10;9282;16;;;9271.5;0.0
3;11900;ASH_COATED_OSMIUM;9991;11;;;;;10009;30;;;;;9999.0;0.0
3;11900;INTARIAN_PEPPER_ROOT;9264;8;9260;18;;;9278;11;;;;;9271.0;0.0
3;12000;ASH_COATED_OSMIUM;9991;10;;;;;10007;11;;;;;9999.0;0.0
3;12000;INTARIAN_PEPPER_ROOT;9263;22;9259;19;;;9278;11;9283;24;;;9270.5;0.0
3;12100;ASH_COATED_OSMIUM;9991;11;9987;30;;;10007;11;10010;21;;;9999.0;0.0
3;12100;INTARIAN_PEPPER_ROOT;9263;9;;;;;9278;17;9281;21;;;9270.0;0.0
3;12200;ASH_COATED_OSMIUM;9991;10;;;;;10007;11;;;;;9998.5;0.0
3;12200;INTARIAN_PEPPER_ROOT;9262;11;9258;22;;;9278;12;9280;25;;;9269.0;0.0
3;12300;ASH_COATED_OSMIUM;9990;24;9988;23;;;10009;14;;;;;9999.0;0.0
3;12300;INTARIAN_PEPPER_ROOT;9261;9;9259;24;;;9276;8;9279;15;;;9268.5;0.0
3;12400;ASH_COATED_OSMIUM;9991;11;9988;23;;;10007;12;;;;;9998.5;0.0
3;12400;INTARIAN_PEPPER_ROOT;9259;10;9257;23;;;9270;10;;;;;9268.0;0.0
3;12500;ASH_COATED_OSMIUM;9992;15;;;;;10008;12;;;;;9999.5;0.0
3;12500;INTARIAN_PEPPER_ROOT;9261;9;;;9252;15;9277;12;9278;22;;;9267.5;0.0
3;12600;ASH_COATED_OSMIUM;9991;21;9993;28;;;10008;30;10011;30;10014;22;10000.0;0.0
3;12600;INTARIAN_PEPPER_ROOT;9260;25;9256;23;9250;25;9275;20;;;;;9267.0;0.0
3;12700;ASH_COATED_OSMIUM;9992;20;9990;30;;;10009;13;;;;;9999.5;0.0
3;12700;INTARIAN_PEPPER_ROOT;9259;10;9255;23;;;9275;12;9277;22;;;9266.0;0.0
3;12800;ASH_COATED_OSMIUM;9996;27;;;;;10008;15;10011;29;;;9999.5;0.0
3;12800;INTARIAN_PEPPER_ROOT;9259;11;;;;;9275;10;9276;23;;;9265.5;0.0
3;12900;ASH_COATED_OSMIUM;9992;10;;;;;10009;14;10011;20;;;9999.5;0.0
3;12900;INTARIAN_PEPPER_ROOT;9258;11;;;;;9273;8;9276;24;;;9265.0;0.0
3;13000;ASH_COATED_OSMIUM;9992;13;9989;23;;;10008;21;10011;21;;;9999.5;0.0
3;13000;INTARIAN_PEPPER_ROOT;9256;8;9254;17;;;9272;11;9276;22;;;9264.5;0.0
3;13100;ASH_COATED_OSMIUM;9992;10;9990;30;;;10009;11;10010;11;;;9999.5;0.0
3;13100;INTARIAN_PEPPER_ROOT;9256;10;9253;23;;;9271;10;9274;25;;;9263.5;0.0
3;13200;ASH_COATED_OSMIUM;9991;15;9988;12;;;10009;24;10013;26;;;9999.0;0.0
3;13200;INTARIAN_PEPPER_ROOT;9256;8;;;;;9270;10;9273;16;;;9263.0;0.0
3;13300;ASH_COATED_OSMIUM;9992;15;9989;24;;;10009;2;;;;;9999.5;0.0
3;13300;INTARIAN_PEPPER_ROOT;9254;8;9252;16;;;9271;23;;;;;9262.5;0.0
3;13400;ASH_COATED_OSMIUM;9991;15;;;;;10007;15;10010;29;;;9999.0;0.0
3;13400;INTARIAN_PEPPER_ROOT;9251;24;9252;19;;;9270;10;9274;22;;;9262.0;0.0
3;13500;ASH_COATED_OSMIUM;9990;13;;;;;10005;10;;;;;9999.0;0.0
3;13500;INTARIAN_PEPPER_ROOT;9254;9;;;;;9271;9;;;;;9261.5;0.0
3;13600;ASH_COATED_OSMIUM;9991;15;9988;27;;;10008;12;10009;26;;;9998.5;0.0
3;13600;INTARIAN_PEPPER_ROOT;9253;8;9250;23;;;9268;12;9271;16;;;9260.5;0.0
3;13700;ASH_COATED_OSMIUM;9990;15;9988;23;;;10008;13;10009;22;;;9999.0;0.0
3;13700;INTARIAN_PEPPER_ROOT;9252;8;;;;;9269;12;9273;22;;;9260.0;0.0
3;13800;ASH_COATED_OSMIUM;9992;10;;;;;10008;11;;;;;9999.5;0.0
3;13800;INTARIAN_PEPPER_ROOT;9251;11;9250;19;;;9269;19;;;;;9259.5;0.0
3;13900;ASH_COATED_OSMIUM;9992;14;9990;20;;;10008;12;10011;10;;;9999.5;0.0
3;13900;INTARIAN_PEPPER_ROOT;9252;9;9248;25;;;9267;10;9271;16;;;9259.0;0.0
3;14000;ASH_COATED_OSMIUM;9990;5;9989;25;9987;24;10008;15;10011;25;;;9999.5;0.0
3;14000;INTARIAN_PEPPER_ROOT;9254;25;;;;;9268;8;;;;;9258.5;0.0
3;14100;ASH_COATED_OSMIUM;9991;13;;;;;10008;27;;;;;9999.0;0.0
3;14100;INTARIAN_PEPPER_ROOT;9251;11;9248;25;;;9268;7;9268;19;;;9257.5;0.0
3;14200;ASH_COATED_OSMIUM;9991;13;9988;28;;;10007;22;10009;23;;;9999.0;0.0
3;14200;INTARIAN_PEPPER_ROOT;9250;9;;;9245;24;9265;18;9269;17;;;9257.0;0.0
3;14300;ASH_COATED_OSMIUM;9989;10;9990;27;;;10009;14;10011;30;;;9999.5;0.0
3;14300;INTARIAN_PEPPER_ROOT;9248;9;9246;20;;;9264;8;9267;15;;;9256.5;0.0
3;14400;ASH_COATED_OSMIUM;9992;25;9990;27;;;10009;15;;;;;10000.0;0.0
3;14400;INTARIAN_PEPPER_ROOT;9249;11;9243;12;;;9265;10;9267;24;;;9256.0;0.0
3;14500;ASH_COATED_OSMIUM;9991;15;9989;21;;;10008;27;10012;25;;;10000.0;0.0
3;14500;INTARIAN_PEPPER_ROOT;9248;11;9243;25;;;9263;9;;;;;9255.0;0.0
3;14600;ASH_COATED_OSMIUM;9992;14;9990;24;;;10006;14;10012;28;;;10000.5;0.0
3;14600;INTARIAN_PEPPER_ROOT;9246;9;9244;15;;;9262;19;9266;15;;;9254.5;0.0
3;14700;ASH_COATED_OSMIUM;9993;15;9989;28;;;10009;13;10011;30;;;10000.5;0.0
3;14700;INTARIAN_PEPPER_ROOT;9245;11;9244;25;;;9262;10;9264;19;;;9254.0;0.0
3;14800;ASH_COATED_OSMIUM;9997;12;9988;25;;;10008;23;10011;22;;;10000.0;0.0
3;14800;INTARIAN_PEPPER_ROOT;9247;10;9249;9;;;9261;10;9264;25;;;9253.5;0.0
3;14900;ASH_COATED_OSMIUM;9993;10;9996;26;;;10009;13;;;;;10000.5;0.0
3;14900;INTARIAN_PEPPER_ROOT;9246;24;9243;25;;;9260;12;;;;;9253.0;0.0
3;15000;ASH_COATED_OSMIUM;9992;3;;;;;10010;12;10014;30;;;10001.5;0.0
3;15000;INTARIAN_PEPPER_ROOT;9245;8;;;;;9259;18;;;;;9252.0;0.0
3;15100;ASH_COATED_OSMIUM;9994;12;;;;;10010;15;10013;23;;;10002.0;0.0
3;15100;INTARIAN_PEPPER_ROOT;9242;10;;;;;9260;12;9262;24;;;9251.5;0.0
3;15200;ASH_COATED_OSMIUM;9994;13;9992;21;;;10005;14;;;;;10001.5;0.0
3;15200;INTARIAN_PEPPER_ROOT;9244;11;9240;25;;;9259;11;9261;15;;;9251.0;0.0
3;15300;ASH_COATED_OSMIUM;9993;14;9990;20;;;10010;11;10012;29;;;10000.5;0.0
3;15300;INTARIAN_PEPPER_ROOT;9242;8;9240;24;;;9258;11;9261;22;;;9250.5;0.0
3;15400;ASH_COATED_OSMIUM;9993;12;9991;24;;;10009;12;10012;25;;;10001.0;0.0
3;15400;INTARIAN_PEPPER_ROOT;9241;8;9239;19;;;9258;8;9260;24;;;9249.5;0.0
3;15500;ASH_COATED_OSMIUM;9992;14;9989;27;;;10003;14;10010;22;;;10000.0;0.0
3;15500;INTARIAN_PEPPER_ROOT;9240;21;9239;21;;;9257;19;9261;19;;;9249.0;0.0
3;15600;ASH_COATED_OSMIUM;9993;10;;;;;10009;24;10011;20;;;10000.5;0.0
3;15600;INTARIAN_PEPPER_ROOT;9241;11;9238;23;;;9256;12;9260;22;;;9248.5;0.0
3;15700;ASH_COATED_OSMIUM;9992;10;9989;25;;;10010;13;10011;25;;;10000.0;0.0
3;15700;INTARIAN_PEPPER_ROOT;9239;11;9238;17;;;9255;12;9259;20;;;9248.0;0.0
3;15800;ASH_COATED_OSMIUM;9993;11;;;;;10010;11;10012;22;;;10000.5;0.0
3;15800;INTARIAN_PEPPER_ROOT;9241;8;;;;;9255;8;9260;25;;;9247.5;0.0
3;15900;ASH_COATED_OSMIUM;9992;14;9990;23;;;10009;15;10011;25;;;10001.0;0.0
3;15900;INTARIAN_PEPPER_ROOT;9238;8;;;;;9254;9;9258;22;;;9246.5;0.0
3;16000;ASH_COATED_OSMIUM;9992;13;9989;28;;;10009;26;10012;21;;;10001.0;0.0
3;16000;INTARIAN_PEPPER_ROOT;9239;8;;;;;9254;11;;;;;9246.0;0.0
3;16100;ASH_COATED_OSMIUM;9993;26;;;;;10009;11;10008;30;;;10000.5;0.0
3;16100;INTARIAN_PEPPER_ROOT;9238;24;;;;;9253;9;;;;;9245.5;0.0
3;16200;ASH_COATED_OSMIUM;9993;15;;;;;10010;12;;;;;10000.5;0.0
3;16200;INTARIAN_PEPPER_ROOT;9237;9;9237;22;;;9252;9;9255;22;;;9245.0;0.0
3;16300;ASH_COATED_OSMIUM;9996;27;;;;;10009;28;10011;24;;;10000.5;0.0
3;16300;INTARIAN_PEPPER_ROOT;9236;10;9234;17;;;9254;22;9255;19;;;9244.5;0.0
3;16400;ASH_COATED_OSMIUM;9993;23;;;;;10006;26;;;;;10000.5;0.0
3;16400;INTARIAN_PEPPER_ROOT;9237;10;9233;25;;;9253;22;;;;;9243.5;0.0
3;16500;ASH_COATED_OSMIUM;9991;11;9991;23;;;10009;22;;;;;10000.5;0.0
3;16500;INTARIAN_PEPPER_ROOT;9233;21;;;;;9252;8;;;;;9243.0;0.0
3;16600;ASH_COATED_OSMIUM;9993;11;9990;23;9988;24;10009;29;10014;28;;;10000.5;0.0
3;16600;INTARIAN_PEPPER_ROOT;9234;10;9232;22;;;9251;9;;;;;9242.5;0.0
3;16700;ASH_COATED_OSMIUM;9993;14;9990;29;;;10009;14;10011;11;;;10000.5;0.0
3;16700;INTARIAN_PEPPER_ROOT;9233;9;9231;25;;;9250;20;;;;;9242.0;0.0
3;16800;ASH_COATED_OSMIUM;9992;12;9989;11;;;10008;12;10012;27;;;10000.0;0.0
3;16800;INTARIAN_PEPPER_ROOT;9234;10;9229;20;;;9249;23;9253;20;;;9241.5;0.0
3;16900;ASH_COATED_OSMIUM;9992;14;;;;;10008;14;;;;;9999.5;0.0
3;16900;INTARIAN_PEPPER_ROOT;9234;10;9231;23;;;9248;10;9251;25;;;9240.5;0.0
3;17000;ASH_COATED_OSMIUM;9992;13;;;;;10008;15;10010;25;;;9999.5;0.0
3;17000;INTARIAN_PEPPER_ROOT;9233;12;9230;19;;;9247;24;9251;25;;;9240.0;0.0
3;17100;ASH_COATED_OSMIUM;9992;14;9990;26;;;10008;11;;;;;9999.5;0.0
3;17100;INTARIAN_PEPPER_ROOT;9232;10;9230;24;;;9249;23;;;;;9239.5;0.0
3;17200;ASH_COATED_OSMIUM;9991;13;9991;30;;;10009;11;;;;;10000.5;0.0
3;17200;INTARIAN_PEPPER_ROOT;9232;9;9227;25;;;9246;9;9252;21;;;9239.0;0.0
3;17300;ASH_COATED_OSMIUM;9992;15;9991;26;;;10009;12;;;;;10000.5;0.0
3;17300;INTARIAN_PEPPER_ROOT;9231;12;;;;;9246;8;;;;;9238.5;0.0
3;17400;ASH_COATED_OSMIUM;9993;15;9991;27;;;10006;10;10012;27;;;10000.5;0.0
3;17400;INTARIAN_PEPPER_ROOT;9230;23;9227;24;;;9245;11;;;;;9237.5;0.0
3;17500;ASH_COATED_OSMIUM;9992;11;9990;30;;;10009;12;10010;29;;;10000.0;0.0
3;17500;INTARIAN_PEPPER_ROOT;9228;9;;;;;9244;10;;;;;9237.0;0.0
3;17600;ASH_COATED_OSMIUM;9993;12;9990;25;;;10006;15;;;;;10001.0;0.0
3;17600;INTARIAN_PEPPER_ROOT;9230;11;9226;20;;;9246;15;9248;16;;;9236.5;0.0
3;17700;ASH_COATED_OSMIUM;9992;15;9991;30;;;10009;14;10012;25;;;10001.0;0.0
3;17700;INTARIAN_PEPPER_ROOT;9229;11;9224;17;;;9243;8;9247;25;;;9236.0;0.0
3;17800;ASH_COATED_OSMIUM;9993;15;9990;27;;;10009;14;;;;;10001.0;0.0
3;17800;INTARIAN_PEPPER_ROOT;9228;12;9225;15;;;9236;9;;;;;9235.0;0.0
3;17900;ASH_COATED_OSMIUM;9993;8;;;;;10009;10;;;;;10001.0;0.0
3;17900;INTARIAN_PEPPER_ROOT;9228;9;;;;;9242;11;;;;;9234.5;0.0
3;18000;ASH_COATED_OSMIUM;9994;25;9990;30;;;10005;12;;;;;10001.5;0.0
3;18000;INTARIAN_PEPPER_ROOT;9225;9;9224;25;;;9242;8;;;;;9234.0;0.0
3;18100;ASH_COATED_OSMIUM;9994;12;9992;24;;;10006;12;10013;23;;;10001.5;0.0
3;18100;INTARIAN_PEPPER_ROOT;9226;9;9222;25;;;9241;8;9244;16;;;9233.5;0.0
3;18200;ASH_COATED_OSMIUM;9993;14;9995;22;;;10012;15;;;;;10002.0;0.0
3;18200;INTARIAN_PEPPER_ROOT;9226;18;9223;17;;;9240;9;9244;17;;;9233.0;0.0
3;18300;ASH_COATED_OSMIUM;9994;13;9992;25;;;10008;13;;;;;10001.5;0.0
3;18300;INTARIAN_PEPPER_ROOT;9223;9;9220;24;;;9240;10;;;;;9232.0;0.0
3;18400;ASH_COATED_OSMIUM;9994;29;9992;11;;;10010;12;10013;20;;;10001.5;0.0
3;18400;INTARIAN_PEPPER_ROOT;9221;18;;;;;9239;10;9243;16;;;9231.5;0.0
3;18500;ASH_COATED_OSMIUM;9993;13;9991;21;;;10009;10;;;;;10001.0;0.0
3;18500;INTARIAN_PEPPER_ROOT;9224;10;9220;22;;;9239;12;9241;23;;;9231.0;0.0
3;18600;ASH_COATED_OSMIUM;9992;10;9991;30;;;10009;14;10011;21;;;10000.5;0.0
3;18600;INTARIAN_PEPPER_ROOT;9224;18;9220;16;;;9238;11;9241;18;;;9230.5;0.0
3;18700;ASH_COATED_OSMIUM;9993;11;9990;29;;;10009;13;10012;28;;;10000.5;0.0
3;18700;INTARIAN_PEPPER_ROOT;9221;12;9217;25;;;9237;11;;;;;9229.5;0.0
3;18800;ASH_COATED_OSMIUM;9992;15;9989;29;;;10008;10;10010;14;;;10000.0;0.0
3;18800;INTARIAN_PEPPER_ROOT;9220;10;;;;;9236;11;9240;18;;;9229.0;0.0
3;18900;ASH_COATED_OSMIUM;9992;15;9989;28;9986;28;10008;14;10010;13;;;10000.0;0.0
3;18900;INTARIAN_PEPPER_ROOT;9218;8;9218;22;;;9238;12;9239;18;;;9228.5;0.0
3;19000;ASH_COATED_OSMIUM;9992;5;;;;;10009;13;10012;28;;;10001.0;0.0
3;19000;INTARIAN_PEPPER_ROOT;9221;19;;;;;9235;10;9240;15;;;9228.0;0.0
3;19100;ASH_COATED_OSMIUM;9994;12;9990;25;;;10010;20;;;;;10002.0;0.0
3;19100;INTARIAN_PEPPER_ROOT;9220;9;9217;23;;;9235;18;9238;22;;;9227.5;0.0
3;19200;ASH_COATED_OSMIUM;9994;13;9991;29;;;10010;13;10014;23;;;10001.5;0.0
3;19200;INTARIAN_PEPPER_ROOT;9219;8;9216;20;;;9232;12;9237;21;;;9226.5;0.0
3;19300;ASH_COATED_OSMIUM;9993;15;9990;28;;;10011;10;10007;22;;;10001.0;0.0
3;19300;INTARIAN_PEPPER_ROOT;9217;11;9215;16;;;9233;9;;;;;9226.0;0.0
3;19400;ASH_COATED_OSMIUM;9993;14;;;;;10009;21;10012;20;;;10001.0;0.0
3;19400;INTARIAN_PEPPER_ROOT;9219;12;9216;16;;;9233;25;;;;;9225.5;0.0
3;19500;ASH_COATED_OSMIUM;9997;11;9994;29;;;10009;10;10011;29;;;10000.5;0.0
3;19500;INTARIAN_PEPPER_ROOT;9218;12;9214;16;;;9232;9;9237;15;;;9225.0;0.0
3;19600;ASH_COATED_OSMIUM;9993;15;9989;26;;;10007;12;10012;20;;;10001.0;0.0
3;19600;INTARIAN_PEPPER_ROOT;9217;12;9214;22;;;9232;19;;;;;9224.5;0.0
3;19700;ASH_COATED_OSMIUM;9994;13;9991;23;;;10011;13;10013;22;10017;25;10001.5;0.0
3;19700;INTARIAN_PEPPER_ROOT;9216;10;9212;20;;;9233;10;;;;;9223.5;0.0
3;19800;ASH_COATED_OSMIUM;9993;11;;;;;10006;10;;;;;10001.0;0.0
3;19800;INTARIAN_PEPPER_ROOT;9216;10;9213;18;;;9231;8;9235;19;;;9223.0;0.0
3;19900;ASH_COATED_OSMIUM;9992;20;9990;24;;;10010;13;;;;;10001.0;0.0
3;19900;INTARIAN_PEPPER_ROOT;9215;8;9212;22;;;9232;11;9234;22;;;9222.5;0.0
3;20000;ASH_COATED_OSMIUM;9994;28;9991;29;;;10010;11;10007;26;;;10001.5;0.0
3;20000;INTARIAN_PEPPER_ROOT;9215;10;;;;;9232;11;9233;22;;;9222.0;0.0
3;20100;ASH_COATED_OSMIUM;9995;12;;;;;10009;29;10012;21;;;10001.0;0.0
3;20100;INTARIAN_PEPPER_ROOT;9214;11;;;;;9223;11;;;;;9221.0;0.0
3;20200;ASH_COATED_OSMIUM;9993;14;9991;21;;;10010;25;10013;22;;;10001.0;0.0
3;20200;INTARIAN_PEPPER_ROOT;9212;8;9209;23;;;9228;10;9231;9;;;9220.5;0.0
3;20300;ASH_COATED_OSMIUM;9994;10;9992;22;;;10010;9;10013;30;;;10001.5;0.0
3;20300;INTARIAN_PEPPER_ROOT;9213;9;;;;;9229;11;9232;24;;;9220.0;0.0
3;20400;ASH_COATED_OSMIUM;9993;15;9989;27;;;10009;15;10012;25;;;10000.5;0.0
3;20400;INTARIAN_PEPPER_ROOT;9213;9;;;;;9229;12;9233;15;;;9219.5;0.0
3;20500;ASH_COATED_OSMIUM;9991;11;9991;20;;;10009;13;10011;20;;;10000.5;0.0
3;20500;INTARIAN_PEPPER_ROOT;9212;10;9207;18;;;9227;8;;;;;9219.0;0.0
3;20600;ASH_COATED_OSMIUM;9992;13;9989;29;;;10008;15;;;;;9999.5;0.0
3;20600;INTARIAN_PEPPER_ROOT;9216;9;9208;19;;;9226;10;9229;17;;;9218.0;0.0
3;20700;ASH_COATED_OSMIUM;9991;10;;;;;10010;15;;;;;10000.0;0.0
3;20700;INTARIAN_PEPPER_ROOT;9211;25;9205;8;;;9225;9;;;;;9217.5;0.0
3;20800;ASH_COATED_OSMIUM;9993;10;9991;22;;;10009;10;10011;20;;;10000.5;0.0
3;20800;INTARIAN_PEPPER_ROOT;9210;9;9207;18;;;9224;10;;;;;9217.0;0.0
3;20900;ASH_COATED_OSMIUM;9993;13;9994;20;;;10010;12;10011;23;;;10000.5;0.0
3;20900;INTARIAN_PEPPER_ROOT;9210;10;9206;19;;;9224;9;9228;18;;;9216.5;0.0
3;21000;ASH_COATED_OSMIUM;9992;10;;;;;10009;11;;;;;10000.5;0.0
3;21000;INTARIAN_PEPPER_ROOT;9208;25;9205;16;;;9223;9;;;;;9215.5;0.0
3;21100;ASH_COATED_OSMIUM;9993;14;;;;;10009;11;10013;26;;;10001.0;0.0
3;21100;INTARIAN_PEPPER_ROOT;9206;8;;;;;9224;12;9226;18;9231;15;9215.0;0.0
3;21200;ASH_COATED_OSMIUM;9993;26;9990;29;;;10009;24;10011;27;;;10000.5;0.0
3;21200;INTARIAN_PEPPER_ROOT;9207;8;9203;21;;;9222;9;9226;19;;;9214.5;0.0
3;21300;ASH_COATED_OSMIUM;9993;12;9991;23;;;10009;14;10014;26;;;10001.0;0.0
3;21300;INTARIAN_PEPPER_ROOT;9207;11;9204;18;;;9222;11;9226;21;;;9214.0;0.0
3;21400;ASH_COATED_OSMIUM;9993;10;9989;28;;;10009;15;10011;21;;;10001.0;0.0
3;21400;INTARIAN_PEPPER_ROOT;9207;11;9203;17;;;9221;12;;;;;9213.5;0.0
3;21500;ASH_COATED_OSMIUM;9996;15;9990;25;;;10009;12;;;;;10001.0;0.0
3;21500;INTARIAN_PEPPER_ROOT;9203;18;9201;20;;;9220;9;9223;24;;;9212.5;0.0
3;21600;ASH_COATED_OSMIUM;9994;15;;;9988;23;10010;12;;;;;10002.0;0.0
3;21600;INTARIAN_PEPPER_ROOT;9205;11;9200;23;;;9219;9;9223;21;;;9212.0;0.0
3;21700;ASH_COATED_OSMIUM;9992;10;9991;22;;;10010;10;;;;;10001.5;0.0
3;21700;INTARIAN_PEPPER_ROOT;9204;9;9201;18;;;9220;10;9224;24;9225;23;9211.5;0.0
3;21800;ASH_COATED_OSMIUM;9994;10;9990;25;;;10011;15;10013;23;;;10001.5;0.0
3;21800;INTARIAN_PEPPER_ROOT;9204;10;9207;25;;;9219;11;;;;;9211.0;0.0
3;21900;ASH_COATED_OSMIUM;9993;23;9990;23;;;10009;10;;;;;10000.5;0.0
3;21900;INTARIAN_PEPPER_ROOT;9204;12;;;;;9218;9;9221;23;9228;20;9210.5;0.0
3;22000;ASH_COATED_OSMIUM;9992;12;;;;;10011;10;10013;24;;;10001.0;0.0
3;22000;INTARIAN_PEPPER_ROOT;9203;10;;;;;9217;8;9221;25;;;9209.5;0.0
3;22100;ASH_COATED_OSMIUM;9992;12;;;;;10006;28;10011;27;;;10000.5;0.0
3;22100;INTARIAN_PEPPER_ROOT;9202;23;9199;16;;;9217;8;9219;9;;;9209.0;0.0
3;22200;ASH_COATED_OSMIUM;9991;13;9989;24;;;10010;11;;;;;10000.0;0.0
3;22200;INTARIAN_PEPPER_ROOT;9202;11;;;;;9216;10;;;;;9208.5;0.0
3;22300;ASH_COATED_OSMIUM;9992;11;9990;22;;;10008;15;10011;30;;;10000.0;0.0
3;22300;INTARIAN_PEPPER_ROOT;9201;11;9197;21;;;9215;9;9220;20;;;9208.0;0.0
3;22400;ASH_COATED_OSMIUM;9992;12;9989;20;;;10010;10;10011;29;;;10000.0;0.0
3;22400;INTARIAN_PEPPER_ROOT;9199;10;9197;17;;;9215;6;9219;18;;;9207.5;0.0
3;22500;ASH_COATED_OSMIUM;9996;10;;;;;10009;14;10012;27;;;10000.5;0.0
3;22500;INTARIAN_PEPPER_ROOT;9200;12;9195;23;;;9214;24;9217;23;;;9206.5;0.0
3;22600;ASH_COATED_OSMIUM;9993;26;9990;25;;;10009;11;;;;;10000.5;0.0
3;22600;INTARIAN_PEPPER_ROOT;9199;5;9196;20;;;9214;8;;;;;9206.0;0.0
3;22700;ASH_COATED_OSMIUM;9993;14;;;;;10010;12;;;;;10000.5;0.0
3;22700;INTARIAN_PEPPER_ROOT;9199;18;9196;25;;;9207;11;9217;17;;;9205.5;0.0
3;22800;ASH_COATED_OSMIUM;9993;26;9990;22;;;10009;15;;;;;10001.0;0.0
3;22800;INTARIAN_PEPPER_ROOT;9198;12;;;;;9215;18;9216;20;;;9205.0;0.0
3;22900;ASH_COATED_OSMIUM;9991;10;9990;29;;;10009;20;;;;;10000.5;0.0
3;22900;INTARIAN_PEPPER_ROOT;9195;12;9194;25;;;9212;17;9215;23;;;9204.0;0.0
3;23000;ASH_COATED_OSMIUM;9993;28;;;;;10009;11;;;;;10001.0;0.0
3;23000;INTARIAN_PEPPER_ROOT;9195;9;9193;25;;;9209;25;;;;;9203.5;0.0
3;23100;ASH_COATED_OSMIUM;9993;23;9994;30;;;10009;24;;;;;10000.5;0.0
3;23100;INTARIAN_PEPPER_ROOT;9196;8;9193;23;;;9210;8;9213;21;;;9203.0;0.0
3;23200;ASH_COATED_OSMIUM;9992;10;9988;24;;;10008;13;10012;29;;;10000.0;0.0
3;23200;INTARIAN_PEPPER_ROOT;9196;9;9192;19;;;9210;8;9209;20;9221;21;9202.5;0.0
3;23300;ASH_COATED_OSMIUM;9989;11;9989;24;;;10009;13;10013;11;;;9999.5;0.0
3;23300;INTARIAN_PEPPER_ROOT;9195;11;9192;24;;;9210;11;9213;15;;;9202.0;0.0
3;23400;ASH_COATED_OSMIUM;9991;29;;;;;10008;10;10011;25;;;10000.0;0.0
3;23400;INTARIAN_PEPPER_ROOT;9194;12;9191;15;;;9209;8;9212;21;;;9201.0;0.0
3;23500;ASH_COATED_OSMIUM;9992;2;9995;29;;;10008;5;;;;;9999.5;0.0
3;23500;INTARIAN_PEPPER_ROOT;9194;10;9189;22;;;9208;10;;;;;9200.5;0.0
3;23600;ASH_COATED_OSMIUM;9996;10;9989;21;;;10008;15;10011;28;;;10000.0;0.0
3;23600;INTARIAN_PEPPER_ROOT;9193;10;9190;25;;;9207;24;9211;16;;;9200.0;0.0
3;23700;ASH_COATED_OSMIUM;9995;11;9989;30;;;10008;10;;;;;10000.0;0.0
3;23700;INTARIAN_PEPPER_ROOT;9190;18;;;;;9208;11;;;;;9199.5;0.0
3;23800;ASH_COATED_OSMIUM;9992;15;;;;;10008;21;;;;;10000.0;0.0
3;23800;INTARIAN_PEPPER_ROOT;9190;9;9187;17;;;9208;9;9209;15;;;9198.5;0.0
3;23900;ASH_COATED_OSMIUM;9997;15;;;;;10007;23;10009;22;;;9999.0;0.0
3;23900;INTARIAN_PEPPER_ROOT;9191;8;;;;;9205;11;9209;16;;;9198.0;0.0
3;24000;ASH_COATED_OSMIUM;9992;3;;;;;10008;10;;;;;9999.5;0.0
3;24000;INTARIAN_PEPPER_ROOT;9190;9;9188;16;;;9205;10;9208;18;;;9197.5;0.0
3;24100;ASH_COATED_OSMIUM;9992;13;9988;22;;;10009;13;10011;22;;;9999.5;0.0
3;24100;INTARIAN_PEPPER_ROOT;9190;10;9186;16;;;9206;10;9207;16;;;9197.0;0.0
3;24200;ASH_COATED_OSMIUM;9992;10;9990;29;;;10008;10;10011;28;;;10000.0;0.0
3;24200;INTARIAN_PEPPER_ROOT;9189;11;9186;24;;;9204;8;9208;21;;;9196.5;0.0
3;24300;ASH_COATED_OSMIUM;9991;30;9990;26;;;10009;12;10011;22;;;9999.5;0.0
3;24300;INTARIAN_PEPPER_ROOT;9187;24;9186;22;;;9203;10;9206;20;;;9195.5;0.0
3;24400;ASH_COATED_OSMIUM;9992;14;9989;29;;;10008;25;10010;28;;;10000.0;0.0
3;24400;INTARIAN_PEPPER_ROOT;9188;10;9185;21;;;9202;8;9206;24;;;9195.0;0.0
3;24500;ASH_COATED_OSMIUM;9992;13;9988;21;;;10008;14;10011;24;;;10000.0;0.0
3;24500;INTARIAN_PEPPER_ROOT;9188;12;9184;10;;;9202;8;9211;21;;;9194.5;0.0
3;24600;ASH_COATED_OSMIUM;9993;15;9990;30;;;10009;27;10011;24;;;10000.5;0.0
3;24600;INTARIAN_PEPPER_ROOT;9185;19;9184;21;;;9201;24;;;;;9194.0;0.0
3;24700;ASH_COATED_OSMIUM;9993;11;9990;30;;;10011;20;10014;30;;;10000.5;0.0
3;24700;INTARIAN_PEPPER_ROOT;9184;9;9183;20;;;9203;8;9206;15;;;9193.0;0.0
3;24800;ASH_COATED_OSMIUM;9993;13;9991;21;;;10009;12;10011;20;;;10000.5;0.0
3;24800;INTARIAN_PEPPER_ROOT;9185;12;;;;;9202;11;;;;;9192.5;0.0
3;24900;ASH_COATED_OSMIUM;9992;10;9990;30;9986;20;10009;12;10012;24;10014;20;10000.5;0.0
3;24900;INTARIAN_PEPPER_ROOT;9185;12;9182;16;;;9194;9;9205;22;;;9192.0;0.0
3;25000;ASH_COATED_OSMIUM;9992;13;9990;30;;;10008;21;10011;21;;;10000.0;0.0
3;25000;INTARIAN_PEPPER_ROOT;9185;9;9179;19;;;9199;12;9203;17;;;9191.5;0.0
3;25100;ASH_COATED_OSMIUM;9993;11;9991;14;;;10009;15;;;;;10000.5;0.0
3;25100;INTARIAN_PEPPER_ROOT;9182;6;9180;22;;;9199;10;;;;;9191.0;0.0
3;25200;ASH_COATED_OSMIUM;9992;12;9988;21;;;10009;14;10011;20;;;10000.0;0.0
3;25200;INTARIAN_PEPPER_ROOT;9183;12;9180;17;;;9198;25;9202;24;;;9190.0;0.0
3;25300;ASH_COATED_OSMIUM;9993;15;9990;22;;;10009;10;10011;25;;;10000.5;0.0
3;25300;INTARIAN_PEPPER_ROOT;9182;10;9180;18;;;9199;12;9201;18;;;9189.5;0.0
3;25400;ASH_COATED_OSMIUM;9990;11;;;;;10008;15;;;;;9999.5;0.0
3;25400;INTARIAN_PEPPER_ROOT;9180;10;;;;;9196;9;9200;16;;;9189.0;0.0
3;25500;ASH_COATED_OSMIUM;9992;11;9990;28;;;10008;10;10011;23;;;9999.5;0.0
3;25500;INTARIAN_PEPPER_ROOT;9182;25;9179;22;;;9196;11;9199;24;;;9188.5;0.0
3;25600;ASH_COATED_OSMIUM;9990;11;9988;26;;;10008;29;10006;23;;;9999.5;0.0
3;25600;INTARIAN_PEPPER_ROOT;9181;3;9178;21;;;9195;10;;;;;9188.0;0.0
3;25700;ASH_COATED_OSMIUM;9991;15;;;;;10008;11;10010;24;;;9999.5;0.0
3;25700;INTARIAN_PEPPER_ROOT;9180;9;9176;25;;;9194;9;9198;25;;;9187.0;0.0
3;25800;ASH_COATED_OSMIUM;9992;12;;;;;10009;14;10010;28;;;9999.5;0.0
3;25800;INTARIAN_PEPPER_ROOT;9185;12;9176;23;;;9196;10;;;;;9186.5;0.0
3;25900;ASH_COATED_OSMIUM;9990;13;;;;;10008;10;10011;20;;;9999.5;0.0
3;25900;INTARIAN_PEPPER_ROOT;9177;10;;;;;9195;11;9198;16;;;9186.0;0.0
3;26000;ASH_COATED_OSMIUM;9991;13;9989;30;;;10009;29;;;;;9999.0;0.0
3;26000;INTARIAN_PEPPER_ROOT;9179;10;;;;;9193;9;;;;;9185.5;0.0
3;26100;ASH_COATED_OSMIUM;9991;24;;;;;10008;11;;;;;9998.5;0.0
3;26100;INTARIAN_PEPPER_ROOT;9178;8;;;;;9192;12;9196;23;;;9185.0;0.0
3;26200;ASH_COATED_OSMIUM;9996;13;9988;30;;;10008;25;;;;;9998.5;0.0
3;26200;INTARIAN_PEPPER_ROOT;9177;10;9174;21;;;9192;12;;;;;9184.0;0.0
3;26300;ASH_COATED_OSMIUM;9991;11;9988;24;;;10007;11;10010;23;;;9998.5;0.0
3;26300;INTARIAN_PEPPER_ROOT;9177;12;9173;19;;;9193;17;;;;;9183.5;0.0
3;26400;ASH_COATED_OSMIUM;9989;14;9989;26;;;10008;14;10009;29;;;9998.5;0.0
3;26400;INTARIAN_PEPPER_ROOT;9176;12;9172;21;;;9192;8;9195;18;;;9183.0;0.0
3;26500;ASH_COATED_OSMIUM;9991;13;;;;;10009;14;;;;;9999.0;0.0
3;26500;INTARIAN_PEPPER_ROOT;9175;8;9172;19;;;9190;12;9194;21;;;9182.5;0.0
3;26600;ASH_COATED_OSMIUM;9989;30;;;;;10007;14;10010;29;;;9999.0;0.0
3;26600;INTARIAN_PEPPER_ROOT;9173;22;;;;;9187;9;9192;15;;;9181.5;0.0
3;26700;ASH_COATED_OSMIUM;9992;15;;;;;10009;15;10010;23;;;10000.0;0.0
3;26700;INTARIAN_PEPPER_ROOT;9174;19;;;;;9190;24;9192;22;;;9181.0;0.0
3;26800;ASH_COATED_OSMIUM;9991;27;9990;26;;;10009;14;10012;29;;;10000.5;0.0
3;26800;INTARIAN_PEPPER_ROOT;9174;10;9170;19;;;9188;10;9191;23;;;9180.5;0.0
3;26900;ASH_COATED_OSMIUM;9993;13;9990;24;;;10009;11;10012;27;;;10001.0;0.0
3;26900;INTARIAN_PEPPER_ROOT;9171;16;9170;18;;;9188;9;9191;19;;;9180.0;0.0
3;27000;ASH_COATED_OSMIUM;9992;26;9990;30;;;10009;29;;;;;10001.0;0.0
3;27000;INTARIAN_PEPPER_ROOT;9174;12;9169;25;;;9187;9;9186;17;;;9179.5;0.0
3;27100;ASH_COATED_OSMIUM;9993;13;9989;22;;;10007;22;;;;;10000.5;0.0
3;27100;INTARIAN_PEPPER_ROOT;9170;9;9167;20;;;9186;12;9189;16;;;9178.5;0.0
3;27200;ASH_COATED_OSMIUM;9993;10;9990;24;;;10007;13;10011;30;;;10000.5;0.0
3;27200;INTARIAN_PEPPER_ROOT;9171;9;9167;25;;;9186;9;;;;;9178.0;0.0
3;27300;ASH_COATED_OSMIUM;9992;15;;;;;10009;10;10012;29;;;10000.0;0.0
3;27300;INTARIAN_PEPPER_ROOT;9171;10;9167;23;;;9183;9;9188;17;;;9177.5;0.0
3;27400;ASH_COATED_OSMIUM;9993;13;;;;;10009;10;10012;22;;;10000.5;0.0
3;27400;INTARIAN_PEPPER_ROOT;9170;10;9167;15;;;9184;9;9188;20;;;9177.0;0.0
3;27500;ASH_COATED_OSMIUM;9993;15;9987;23;;;10009;12;10011;24;;;10001.0;0.0
3;27500;INTARIAN_PEPPER_ROOT;9169;11;9166;16;;;9181;9;9186;21;;;9176.0;0.0
3;27600;ASH_COATED_OSMIUM;9993;10;;;;;10009;15;10013;12;;;10000.5;0.0
3;27600;INTARIAN_PEPPER_ROOT;9167;11;9166;24;;;9183;9;9180;23;;;9175.5;0.0
3;27700;ASH_COATED_OSMIUM;9990;15;9991;26;;;10009;15;10008;30;;;10000.5;0.0
3;27700;INTARIAN_PEPPER_ROOT;9168;11;9165;16;;;9183;3;9186;17;;;9175.0;0.0
3;27800;ASH_COATED_OSMIUM;9992;11;9990;28;;;10008;11;10011;24;;;10000.0;0.0
3;27800;INTARIAN_PEPPER_ROOT;9168;10;9162;19;;;9184;8;9185;17;;;9174.5;0.0
3;27900;ASH_COATED_OSMIUM;9991;14;9990;28;;;10010;25;10011;23;;;10000.0;0.0
3;27900;INTARIAN_PEPPER_ROOT;9167;9;9163;8;;;9183;10;9187;19;;;9174.0;0.0
3;28000;ASH_COATED_OSMIUM;9995;12;;;;;10009;15;10013;25;;;10000.5;0.0
3;28000;INTARIAN_PEPPER_ROOT;9166;8;;;;;9180;8;;;;;9173.0;0.0
3;28100;ASH_COATED_OSMIUM;9993;15;9991;30;;;10010;14;10013;23;10015;24;10000.5;0.0
3;28100;INTARIAN_PEPPER_ROOT;9165;8;;;;;9181;23;;;;;9172.5;0.0
3;28200;ASH_COATED_OSMIUM;9993;15;9990;30;;;10009;10;10011;22;;;10001.0;0.0
3;28200;INTARIAN_PEPPER_ROOT;9165;17;;;;;9179;10;9185;23;;;9172.0;0.0
3;28300;ASH_COATED_OSMIUM;9993;13;9990;26;;;10010;14;;;;;10000.5;0.0
3;28300;INTARIAN_PEPPER_ROOT;9165;12;;;;;9179;20;;;9188;21;9171.5;0.0
3;28400;ASH_COATED_OSMIUM;9992;14;9989;22;;;10008;11;10010;22;;;9999.5;0.0
3;28400;INTARIAN_PEPPER_ROOT;9161;11;9161;21;;;9182;8;9182;25;;;9171.0;0.0
3;28500;ASH_COATED_OSMIUM;9990;13;9989;27;;;10007;13;10009;21;;;9999.0;0.0
3;28500;INTARIAN_PEPPER_ROOT;9161;16;;;;;9172;9;9181;16;;;9170.0;0.0
3;28600;ASH_COATED_OSMIUM;9992;13;9990;23;;;10009;11;10006;30;;;9999.5;0.0
3;28600;INTARIAN_PEPPER_ROOT;9161;12;;;;;9177;21;9180;24;;;9169.5;0.0
3;28700;ASH_COATED_OSMIUM;9991;14;9989;26;;;10008;23;;;;;10000.0;0.0
3;28700;INTARIAN_PEPPER_ROOT;9160;15;9156;16;;;9177;6;9180;25;;;9169.0;0.0
3;28800;ASH_COATED_OSMIUM;9991;15;;;;;10011;23;10010;26;;;10000.0;0.0
3;28800;INTARIAN_PEPPER_ROOT;9161;8;9157;16;;;9176;10;9181;17;;;9168.5;0.0
3;28900;ASH_COATED_OSMIUM;9992;10;;;;;10010;15;10010;27;;;9999.5;0.0
3;28900;INTARIAN_PEPPER_ROOT;9159;15;9158;22;;;9177;17;;;;;9168.0;0.0
3;29000;ASH_COATED_OSMIUM;9990;23;9988;22;;;10008;11;10011;22;;;9999.5;0.0
3;29000;INTARIAN_PEPPER_ROOT;9158;10;9155;22;;;9175;15;9177;24;;;9167.0;0.0
3;29100;ASH_COATED_OSMIUM;9992;15;9989;29;;;10008;11;10011;27;;;9999.5;0.0
3;29100;INTARIAN_PEPPER_ROOT;9160;11;;;;;9176;8;9177;20;;;9166.5;0.0
3;29200;ASH_COATED_OSMIUM;9992;13;9993;22;;;10008;14;;;;;9999.5;0.0
3;29200;INTARIAN_PEPPER_ROOT;9159;9;9156;15;;;9173;9;9177;16;;;9166.0;0.0
3;29300;ASH_COATED_OSMIUM;9991;11;9989;22;;;10008;14;10011;25;;;9999.5;0.0
3;29300;INTARIAN_PEPPER_ROOT;9159;9;9156;25;;;9175;12;;;;;9165.5;0.0
3;29400;ASH_COATED_OSMIUM;9992;10;9989;23;;;10009;12;10010;21;;;9999.5;0.0
3;29400;INTARIAN_PEPPER_ROOT;9154;12;9152;24;9149;23;9172;8;;;;;9164.5;0.0
3;29500;ASH_COATED_OSMIUM;9991;12;9989;23;;;10009;27;10011;27;;;10000.5;0.0
3;29500;INTARIAN_PEPPER_ROOT;9155;9;9154;19;;;9172;9;;;;;9164.0;0.0
3;29600;ASH_COATED_OSMIUM;9992;22;9989;20;;;10010;10;10011;20;;;10000.0;0.0
3;29600;INTARIAN_PEPPER_ROOT;9162;9;9152;22;;;9173;11;9175;16;;;9163.5;0.0
3;29700;ASH_COATED_OSMIUM;9992;26;9994;23;;;10009;21;10011;22;;;10001.0;0.0
3;29700;INTARIAN_PEPPER_ROOT;9156;10;9151;8;;;9170;9;;;;;9163.0;0.0
3;29800;ASH_COATED_OSMIUM;9992;15;9990;22;;;10008;13;;;;;10000.0;0.0
3;29800;INTARIAN_PEPPER_ROOT;9156;10;;;;;9167;10;9173;20;;;9162.5;0.0
3;29900;ASH_COATED_OSMIUM;9990;11;9990;25;;;10008;15;10010;21;;;9999.5;0.0
3;29900;INTARIAN_PEPPER_ROOT;9154;8;9151;17;;;9170;9;9173;16;;;9161.5;0.0
3;30000;ASH_COATED_OSMIUM;9992;12;;;;;10008;28;10011;27;;;10000.0;0.0
3;30000;INTARIAN_PEPPER_ROOT;9156;10;9151;17;;;9170;11;9172;21;;;9161.0;0.0
3;30100;ASH_COATED_OSMIUM;9992;12;9989;22;;;10008;29;10011;30;;;10000.0;0.0
3;30100;INTARIAN_PEPPER_ROOT;9150;21;9149;23;9148;23;9168;12;;;;;9160.5;0.0
3;30200;ASH_COATED_OSMIUM;9992;13;;;;;10010;12;;;;;10000.0;0.0
3;30200;INTARIAN_PEPPER_ROOT;9153;12;9148;19;;;9169;19;9173;24;;;9160.0;0.0
3;30300;ASH_COATED_OSMIUM;9995;11;9991;23;;;10009;26;10011;26;;;10000.5;0.0
3;30300;INTARIAN_PEPPER_ROOT;9152;5;9150;24;;;9169;11;;;9173;16;9159.5;0.0
3;30400;ASH_COATED_OSMIUM;9993;10;9990;30;;;10010;10;10012;27;;;10001.0;0.0
3;30400;INTARIAN_PEPPER_ROOT;9150;16;9146;18;;;9168;12;9170;15;;;9158.5;0.0
3;30500;ASH_COATED_OSMIUM;9993;2;;;;;10010;15;;;;;10000.5;0.0
3;30500;INTARIAN_PEPPER_ROOT;9149;10;9148;19;;;9167;10;9168;23;;;9158.0;0.0
3;30600;ASH_COATED_OSMIUM;9992;30;9989;24;;;10008;15;;;;;10000.0;0.0
3;30600;INTARIAN_PEPPER_ROOT;9149;10;9147;21;;;9165;11;9168;15;;;9157.5;0.0
3;30700;ASH_COATED_OSMIUM;9992;15;9990;29;;;10008;14;10011;25;;;9999.5;0.0
3;30700;INTARIAN_PEPPER_ROOT;9148;18;9146;23;;;9165;8;9170;20;;;9157.0;0.0
3;30800;ASH_COATED_OSMIUM;9991;14;;;;;10008;12;10010;22;;;9999.0;0.0
3;30800;INTARIAN_PEPPER_ROOT;9148;18;9146;17;;;9165;10;9164;20;;;9156.0;0.0
3;30900;ASH_COATED_OSMIUM;9992;14;9990;3;;;10003;10;10012;22;;;9999.5;0.0
3;30900;INTARIAN_PEPPER_ROOT;9148;11;9145;17;;;9165;9;9168;25;;;9155.5;0.0
3;31000;ASH_COATED_OSMIUM;9992;4;9989;21;;;10010;13;10011;26;;;10000.0;0.0
3;31000;INTARIAN_PEPPER_ROOT;9146;10;9144;24;;;9166;21;;;;;9155.0;0.0
3;31100;ASH_COATED_OSMIUM;9992;11;9990;27;;;10008;15;;;;;10000.0;0.0
3;31100;INTARIAN_PEPPER_ROOT;9146;11;9144;25;;;9162;12;9168;24;;;9154.5;0.0
3;31200;ASH_COATED_OSMIUM;9991;15;9990;26;;;10008;15;;;;;10000.0;0.0
3;31200;INTARIAN_PEPPER_ROOT;9147;9;9143;19;;;9161;8;9165;23;;;9154.0;0.0
3;31300;ASH_COATED_OSMIUM;9992;14;9990;11;;;10008;15;10010;29;;;10000.0;0.0
3;31300;INTARIAN_PEPPER_ROOT;9144;9;;;;;9161;15;9163;16;;;9153.0;0.0
3;31400;ASH_COATED_OSMIUM;9990;10;;;;;10008;20;10011;29;;;9999.5;0.0
3;31400;INTARIAN_PEPPER_ROOT;9145;8;;;;;9162;8;9165;17;;;9152.5;0.0
3;31500;ASH_COATED_OSMIUM;9991;13;9989;27;;;10011;21;;;;;10000.0;0.0
3;31500;INTARIAN_PEPPER_ROOT;9145;8;9140;19;;;9160;11;9163;18;;;9152.0;0.0
3;31600;ASH_COATED_OSMIUM;9992;14;9990;25;;;10008;15;10011;24;;;9999.5;0.0
3;31600;INTARIAN_PEPPER_ROOT;9144;10;9138;20;;;9159;9;;;;;9151.5;0.0
3;31700;ASH_COATED_OSMIUM;9990;12;;;;;10008;15;10011;21;;;10000.0;0.0
3;31700;INTARIAN_PEPPER_ROOT;9144;10;;;;;9158;12;9162;21;;;9151.0;0.0
3;31800;ASH_COATED_OSMIUM;9993;28;;;;;10009;14;10006;27;;;10000.5;0.0
3;31800;INTARIAN_PEPPER_ROOT;9143;8;;;;;9158;10;9161;24;;;9150.0;0.0
3;31900;ASH_COATED_OSMIUM;9993;29;;;;;10004;27;10012;26;;;10000.5;0.0
3;31900;INTARIAN_PEPPER_ROOT;9139;16;;;;;9157;9;9160;11;;;9149.5;0.0
3;32000;ASH_COATED_OSMIUM;9993;13;9990;21;;;10009;15;;;;;10001.0;0.0
3;32000;INTARIAN_PEPPER_ROOT;9142;11;9138;22;;;9160;18;9160;11;;;9149.0;0.0
3;32100;ASH_COATED_OSMIUM;9992;13;9990;27;;;10009;12;10011;22;;;10001.0;0.0
3;32100;INTARIAN_PEPPER_ROOT;9141;11;9133;16;;;9156;11;9159;17;;;9148.5;0.0
3;32200;ASH_COATED_OSMIUM;9993;14;;;;;10009;13;10011;26;;;10001.0;0.0
3;32200;INTARIAN_PEPPER_ROOT;9141;11;;;;;9155;11;9160;21;;;9147.5;0.0
3;32300;ASH_COATED_OSMIUM;9994;11;9991;27;;;10010;12;10013;20;;;10001.5;0.0
3;32300;INTARIAN_PEPPER_ROOT;9136;12;9134;16;;;9156;10;;;;;9147.0;0.0
3;32400;ASH_COATED_OSMIUM;9993;11;9990;23;;;10009;15;10011;24;;;10000.5;0.0
3;32400;INTARIAN_PEPPER_ROOT;9138;16;9134;18;;;9155;11;9157;19;;;9146.5;0.0
3;32500;ASH_COATED_OSMIUM;9992;15;9990;25;;;10008;15;10011;12;;;10000.0;0.0
3;32500;INTARIAN_PEPPER_ROOT;9139;12;;;;;9157;11;9158;23;;;9146.0;0.0
3;32600;ASH_COATED_OSMIUM;9993;9;;;;;10009;15;10011;23;;;10000.5;0.0
3;32600;INTARIAN_PEPPER_ROOT;9139;12;9135;18;;;9155;8;9157;25;;;9145.5;0.0
3;32700;ASH_COATED_OSMIUM;9994;12;9991;12;;;10011;15;;;;;10001.5;0.0
3;32700;INTARIAN_PEPPER_ROOT;9136;12;9133;25;;;9154;10;9155;25;;;9144.5;0.0
3;32800;ASH_COATED_OSMIUM;9992;15;9990;30;;;10009;15;10011;24;;;10000.5;0.0
3;32800;INTARIAN_PEPPER_ROOT;9137;10;9134;22;;;9153;9;9155;25;;;9144.0;0.0
3;32900;ASH_COATED_OSMIUM;9991;12;;;;;10008;11;10011;22;;;10000.0;0.0
3;32900;INTARIAN_PEPPER_ROOT;9137;11;9133;20;;;9151;16;;;;;9143.5;0.0
3;33000;ASH_COATED_OSMIUM;9997;14;9989;12;;;10008;10;10011;29;;;9999.5;0.0
3;33000;INTARIAN_PEPPER_ROOT;9136;18;;;;;9144;10;9154;21;;;9143.0;0.0
3;33100;ASH_COATED_OSMIUM;9993;11;9990;20;;;10010;15;;;;;10000.5;0.0
3;33100;INTARIAN_PEPPER_ROOT;9136;12;9130;18;;;9150;10;;;;;9142.5;0.0
3;33200;ASH_COATED_OSMIUM;9992;13;9989;26;;;10008;26;10010;27;;;10000.0;0.0
3;33200;INTARIAN_PEPPER_ROOT;9134;8;9132;18;;;9151;24;;;;;9141.5;0.0
3;33300;ASH_COATED_OSMIUM;9996;13;9989;23;;;10010;14;10011;21;;;10000.0;0.0
3;33300;INTARIAN_PEPPER_ROOT;9134;10;;;;;9149;12;9153;22;;;9141.0;0.0
3;33400;ASH_COATED_OSMIUM;9997;15;9989;27;;;10010;3;;;;;10000.0;0.0
3;33400;INTARIAN_PEPPER_ROOT;9133;22;9131;19;;;9148;8;;;;;9140.5;0.0
3;33500;ASH_COATED_OSMIUM;9992;20;9990;13;;;10009;15;10011;29;;;10000.5;0.0
3;33500;INTARIAN_PEPPER_ROOT;9131;8;9130;21;;;9148;21;9151;22;;;9140.0;0.0
3;33600;ASH_COATED_OSMIUM;9992;10;;;;;10009;12;10012;11;;;10000.5;0.0
3;33600;INTARIAN_PEPPER_ROOT;9131;8;9129;18;;;9148;11;;;;;9139.5;0.0
3;33700;ASH_COATED_OSMIUM;9992;13;9990;23;;;10008;10;10013;29;;;10000.0;0.0
3;33700;INTARIAN_PEPPER_ROOT;9131;9;;;;;9146;8;9150;19;;;9138.5;0.0
3;33800;ASH_COATED_OSMIUM;9990;30;9990;24;;;10009;13;10012;23;;;10000.5;0.0
3;33800;INTARIAN_PEPPER_ROOT;9131;9;;;;;9145;12;9149;8;;;9138.0;0.0
3;33900;ASH_COATED_OSMIUM;9992;11;9989;28;;;10008;12;10011;27;;;10000.0;0.0
3;33900;INTARIAN_PEPPER_ROOT;9129;10;9133;17;;;9145;8;9148;18;;;9137.5;0.0
3;34000;ASH_COATED_OSMIUM;9992;14;9989;24;;;10008;15;10011;23;;;10000.0;0.0
3;34000;INTARIAN_PEPPER_ROOT;9130;11;9127;22;;;9148;12;9147;19;;;9137.0;0.0
3;34100;ASH_COATED_OSMIUM;9993;26;9991;25;;;10010;21;;;;;10000.5;0.0
3;34100;INTARIAN_PEPPER_ROOT;9130;12;9126;21;;;9144;12;9147;21;;;9136.5;0.0
3;34200;ASH_COATED_OSMIUM;9992;4;9989;24;;;10008;20;10011;27;;;9999.5;0.0
3;34200;INTARIAN_PEPPER_ROOT;9129;12;9124;24;;;9143;8;9149;17;;;9135.5;0.0
3;34300;ASH_COATED_OSMIUM;9991;23;9990;21;;;10008;11;10010;25;;;10000.0;0.0
3;34300;INTARIAN_PEPPER_ROOT;9128;9;;;;;9144;24;9145;25;;;9135.0;0.0
3;34400;ASH_COATED_OSMIUM;9991;11;9991;30;;;10006;13;10011;27;;;10000.5;0.0
3;34400;INTARIAN_PEPPER_ROOT;9127;8;;;;;9144;11;9146;19;;;9134.5;0.0
3;34500;ASH_COATED_OSMIUM;9993;25;9990;29;;;10010;14;10009;25;;;10000.5;0.0
3;34500;INTARIAN_PEPPER_ROOT;9127;10;9122;15;;;9143;9;9146;25;;;9134.0;0.0
3;34600;ASH_COATED_OSMIUM;9992;12;9991;24;;;10010;29;10012;13;;;10000.5;0.0
3;34600;INTARIAN_PEPPER_ROOT;9124;12;;;;;9140;12;;;;;9133.0;0.0
3;34700;ASH_COATED_OSMIUM;9992;11;;;;;10009;11;10011;21;;;10000.5;0.0
3;34700;INTARIAN_PEPPER_ROOT;9126;19;9123;17;;;9141;17;9143;18;;;9132.5;0.0
3;34800;ASH_COATED_OSMIUM;9992;23;9988;26;;;10008;11;10010;24;;;10000.0;0.0
3;34800;INTARIAN_PEPPER_ROOT;9125;18;9122;24;;;9140;11;9145;19;;;9132.0;0.0
3;34900;ASH_COATED_OSMIUM;9991;11;9990;24;;;10008;10;10011;22;;;10000.0;0.0
3;34900;INTARIAN_PEPPER_ROOT;9123;5;;;;;9139;12;9142;19;;;9131.5;0.0
3;35000;ASH_COATED_OSMIUM;9993;13;;;;;10009;13;;;;;10000.5;0.0
3;35000;INTARIAN_PEPPER_ROOT;9124;19;;;;;9139;12;9143;18;;;9131.0;0.0
3;35100;ASH_COATED_OSMIUM;9993;11;9990;20;;;10009;12;10012;29;;;10000.5;0.0
3;35100;INTARIAN_PEPPER_ROOT;9123;8;9120;15;;;9138;8;;;9149;23;9130.0;0.0
3;35200;ASH_COATED_OSMIUM;9991;26;9990;24;;;10009;10;10012;26;;;10000.5;0.0
3;35200;INTARIAN_PEPPER_ROOT;9122;3;9119;24;;;9137;10;9141;25;;;9129.5;0.0
3;35300;ASH_COATED_OSMIUM;9993;25;9989;28;;;10009;14;10013;25;;;10000.5;0.0
3;35300;INTARIAN_PEPPER_ROOT;9122;8;;;;;9138;15;9140;17;;;9129.0;0.0
3;35400;ASH_COATED_OSMIUM;9993;11;9991;26;;;10010;10;10011;24;;;10000.5;0.0
3;35400;INTARIAN_PEPPER_ROOT;9121;11;9117;18;;;9136;3;9139;16;;;9128.5;0.0
3;35500;ASH_COATED_OSMIUM;9992;15;9989;22;;;10008;13;10010;28;;;9999.5;0.0
3;35500;INTARIAN_PEPPER_ROOT;9121;11;9118;17;;;9137;9;9138;17;;;9128.0;0.0
3;35600;ASH_COATED_OSMIUM;9990;13;9993;24;;;10008;5;;;;;10000.0;0.0
3;35600;INTARIAN_PEPPER_ROOT;9120;10;9116;23;;;9136;9;9138;21;;;9127.0;0.0
3;35700;ASH_COATED_OSMIUM;9992;14;9989;25;;;10009;11;10010;30;;;9999.5;0.0
3;35700;INTARIAN_PEPPER_ROOT;9120;16;;;;;9134;25;9138;17;;;9126.5;0.0
3;35800;ASH_COATED_OSMIUM;9991;13;9988;27;;;10008;10;;;;;9999.0;0.0
3;35800;INTARIAN_PEPPER_ROOT;9119;12;;;;;9133;12;;;;;9126.0;0.0
3;35900;ASH_COATED_OSMIUM;9996;10;;;;;10007;23;10010;23;;;9999.0;0.0
3;35900;INTARIAN_PEPPER_ROOT;9124;12;;;;;9134;8;9138;22;;;9125.5;0.0
3;36000;ASH_COATED_OSMIUM;9990;14;9989;24;;;10007;12;;;;;9999.0;0.0
3;36000;INTARIAN_PEPPER_ROOT;9118;11;9113;15;;;9132;12;;;9142;20;9125.0;0.0
3;36100;ASH_COATED_OSMIUM;9991;12;;;;;10009;14;;;;;9999.0;0.0
3;36100;INTARIAN_PEPPER_ROOT;9122;9;9114;16;;;9131;10;9134;24;;;9124.0;0.0
3;36200;ASH_COATED_OSMIUM;9990;20;9989;26;;;10007;11;;;;;9999.0;0.0
3;36200;INTARIAN_PEPPER_ROOT;9115;7;9114;25;;;9131;18;9134;20;;;9123.5;0.0
3;36300;ASH_COATED_OSMIUM;9989;14;9988;30;;;10007;21;10010;29;;;9999.0;0.0
3;36300;INTARIAN_PEPPER_ROOT;9116;10;9112;17;;;9130;10;9136;18;;;9123.0;0.0
3;36400;ASH_COATED_OSMIUM;9991;15;9989;23;;;10008;15;;;;;9998.5;0.0
3;36400;INTARIAN_PEPPER_ROOT;9114;11;;;;;9130;21;9135;20;;;9122.5;0.0
3;36500;ASH_COATED_OSMIUM;9991;27;9988;24;;;10007;27;;;;;9998.5;0.0
3;36500;INTARIAN_PEPPER_ROOT;9120;19;9111;16;;;9129;9;9134;25;;;9121.5;0.0
3;36600;ASH_COATED_OSMIUM;9991;12;9989;29;;;10008;26;10009;30;;;9998.5;0.0
3;36600;INTARIAN_PEPPER_ROOT;9114;12;9110;19;;;9131;8;9131;17;;;9121.0;0.0
3;36700;ASH_COATED_OSMIUM;9989;10;9988;30;;;10007;11;10009;21;;;9999.0;0.0
3;36700;INTARIAN_PEPPER_ROOT;9113;9;;;;;9128;11;9133;17;;;9120.5;0.0
3;36800;ASH_COATED_OSMIUM;9992;15;9990;24;;;10008;22;10010;21;;;9999.5;0.0
3;36800;INTARIAN_PEPPER_ROOT;9113;9;;;;;9127;8;;;;;9120.0;0.0
3;36900;ASH_COATED_OSMIUM;9990;14;;;;;10002;12;10010;27;;;9999.0;0.0
3;36900;INTARIAN_PEPPER_ROOT;9115;10;9109;19;;;9122;8;;;;;9119.5;0.0
3;37000;ASH_COATED_OSMIUM;9990;14;9989;20;;;10004;10;;;;;9999.0;0.0
3;37000;INTARIAN_PEPPER_ROOT;9110;10;9109;17;;;9127;10;9130;24;;;9118.5;0.0
3;37100;ASH_COATED_OSMIUM;9990;15;;;;;10007;15;10012;30;;;9999.0;0.0
3;37100;INTARIAN_PEPPER_ROOT;9111;9;9108;15;;;9126;23;;;;;9118.0;0.0
3;37200;ASH_COATED_OSMIUM;9990;21;9988;24;;;10007;27;;;;;9999.0;0.0
3;37200;INTARIAN_PEPPER_ROOT;9110;8;9107;18;;;9125;10;9128;16;;;9117.5;0.0
3;37300;ASH_COATED_OSMIUM;9996;13;;;;;10008;24;10010;27;;;9999.5;0.0
3;37300;INTARIAN_PEPPER_ROOT;9110;12;;;;;9126;9;9128;24;;;9117.0;0.0
3;37400;ASH_COATED_OSMIUM;9992;10;;;;;10008;11;10012;25;;;10000.0;0.0
3;37400;INTARIAN_PEPPER_ROOT;9107;10;9106;15;;;9123;11;9127;12;;;9116.0;0.0
3;37500;ASH_COATED_OSMIUM;9992;11;9989;20;;;10008;11;10012;26;;;9999.5;0.0
3;37500;INTARIAN_PEPPER_ROOT;9109;12;9105;19;;;9123;8;9127;17;;;9115.5;0.0
3;37600;ASH_COATED_OSMIUM;9990;12;9990;23;;;10009;26;10010;29;;;9999.5;0.0
3;37600;INTARIAN_PEPPER_ROOT;9108;11;9105;9;;;9124;18;;;;;9115.0;0.0
3;37700;ASH_COATED_OSMIUM;9990;14;;;;;10007;12;10009;14;;;9999.0;0.0
3;37700;INTARIAN_PEPPER_ROOT;9108;9;9110;20;;;9122;11;9125;24;;;9114.5;0.0
3;37800;ASH_COATED_OSMIUM;9990;11;9989;20;;;10009;27;;;;;9999.0;0.0
3;37800;INTARIAN_PEPPER_ROOT;9107;8;9104;21;;;9121;16;9125;19;;;9114.0;0.0
3;37900;ASH_COATED_OSMIUM;9992;10;9988;26;;;10008;12;10008;28;;;9999.5;0.0
3;37900;INTARIAN_PEPPER_ROOT;9104;12;9103;9;;;9122;12;9124;21;;;9113.0;0.0
3;38000;ASH_COATED_OSMIUM;9992;12;9990;23;;;10008;15;;;;;10000.0;0.0
3;38000;INTARIAN_PEPPER_ROOT;9105;9;9103;22;;;9120;25;9124;21;;;9112.5;0.0
3;38100;ASH_COATED_OSMIUM;9989;14;;;;;10008;26;10011;20;;;9999.5;0.0
3;38100;INTARIAN_PEPPER_ROOT;9105;8;;;;;9119;10;;;;;9112.0;0.0
3;38200;ASH_COATED_OSMIUM;9992;11;9990;24;;;10008;14;10011;23;;;9999.5;0.0
3;38200;INTARIAN_PEPPER_ROOT;9105;17;;;;;9119;8;9124;16;;;9111.5;0.0
3;38300;ASH_COATED_OSMIUM;9992;12;;;9987;28;10008;15;10011;27;;;9999.5;0.0
3;38300;INTARIAN_PEPPER_ROOT;9102;12;9101;24;;;9119;11;;;;;9111.0;0.0
3;38400;ASH_COATED_OSMIUM;9992;13;;;;;10010;12;;;;;10000.0;0.0
3;38400;INTARIAN_PEPPER_ROOT;9103;11;9100;18;;;9119;10;9121;23;;;9110.0;0.0
3;38500;ASH_COATED_OSMIUM;9993;15;;;;;10010;14;10012;28;;;10000.5;0.0
3;38500;INTARIAN_PEPPER_ROOT;9101;12;9099;17;;;9117;19;;;;;9109.5;0.0
3;38600;ASH_COATED_OSMIUM;9991;13;9990;23;;;10010;15;10011;20;;;10000.0;0.0
3;38600;INTARIAN_PEPPER_ROOT;9102;12;9099;18;;;9117;21;9120;21;;;9109.0;0.0
3;38700;ASH_COATED_OSMIUM;9991;4;9990;22;;;10009;12;;;;;10000.5;0.0
3;38700;INTARIAN_PEPPER_ROOT;9100;10;9097;18;;;9116;12;;;;;9108.5;0.0
3;38800;ASH_COATED_OSMIUM;9993;15;9991;24;;;10009;11;10013;20;;;10000.5;0.0
3;38800;INTARIAN_PEPPER_ROOT;9099;9;9096;23;;;9115;20;9118;25;;;9107.5;0.0
3;38900;ASH_COATED_OSMIUM;9993;15;9991;26;;;10009;14;;;;;10000.5;0.0
3;38900;INTARIAN_PEPPER_ROOT;9106;8;;;;;9115;11;9117;22;;;9107.0;0.0
3;39000;ASH_COATED_OSMIUM;9992;28;9990;20;;;10008;4;10010;25;;;10000.0;0.0
3;39000;INTARIAN_PEPPER_ROOT;9099;9;9097;19;;;9116;6;;;;;9106.5;0.0
3;39100;ASH_COATED_OSMIUM;9992;11;;;;;10009;29;10011;26;;;10000.0;0.0
3;39100;INTARIAN_PEPPER_ROOT;9099;12;;;;;9113;8;9119;23;;;9106.0;0.0
3;39200;ASH_COATED_OSMIUM;9994;20;;;;;10007;13;;;;;9999.0;0.0
3;39200;INTARIAN_PEPPER_ROOT;9098;9;;;;;9113;12;;;;;9105.5;0.0
3;39300;ASH_COATED_OSMIUM;9991;15;9989;30;;;10007;21;10010;20;;;9999.0;0.0
3;39300;INTARIAN_PEPPER_ROOT;9097;12;;;;;9113;12;9110;23;9117;19;9104.5;0.0
3;39400;ASH_COATED_OSMIUM;9991;10;;;;;10007;22;;;;;9999.0;0.0
3;39400;INTARIAN_PEPPER_ROOT;9095;11;9092;25;;;9113;12;9115;23;;;9104.0;0.0
3;39500;ASH_COATED_OSMIUM;9992;12;;;;;10008;13;10011;30;;;9999.5;0.0
3;39500;INTARIAN_PEPPER_ROOT;9096;8;;;;;9111;9;;;;;9103.5;0.0
3;39600;ASH_COATED_OSMIUM;9990;12;9989;23;;;10005;3;10009;25;;;9999.0;0.0
3;39600;INTARIAN_PEPPER_ROOT;9096;8;9092;24;;;9110;9;9114;21;;;9103.0;0.0
3;39700;ASH_COATED_OSMIUM;9991;13;;;;;10008;14;10009;20;;;9999.0;0.0
3;39700;INTARIAN_PEPPER_ROOT;9096;12;;;;;9113;17;9114;19;;;9102.5;0.0
3;39800;ASH_COATED_OSMIUM;9990;12;9988;20;;;10007;11;;;;;9999.0;0.0
3;39800;INTARIAN_PEPPER_ROOT;9092;23;;;;;9109;25;;;;;9101.5;0.0
3;39900;ASH_COATED_OSMIUM;9992;13;9988;23;;;10008;13;10010;14;;;9999.5;0.0
3;39900;INTARIAN_PEPPER_ROOT;9094;9;9091;19;;;9109;9;9111;21;;;9101.0;0.0
3;40000;ASH_COATED_OSMIUM;9992;12;9990;30;;;10010;12;;;;;10000.0;0.0
3;40000;INTARIAN_PEPPER_ROOT;9093;11;9090;22;;;9108;12;9113;21;;;9100.5;0.0
3;40100;ASH_COATED_OSMIUM;9990;13;9990;20;;;10008;15;;;;;9999.5;0.0
3;40100;INTARIAN_PEPPER_ROOT;9093;10;9088;20;;;9107;9;;;;;9100.0;0.0
3;40200;ASH_COATED_OSMIUM;9991;15;9988;30;;;10009;10;10009;23;;;9999.0;0.0
3;40200;INTARIAN_PEPPER_ROOT;9092;11;;;;;9108;9;9114;20;;;9099.0;0.0
3;40300;ASH_COATED_OSMIUM;9991;15;9989;25;;;10007;21;10010;13;;;9999.0;0.0
3;40300;INTARIAN_PEPPER_ROOT;9090;12;9088;21;;;9106;22;;;;;9098.5;0.0
3;40400;ASH_COATED_OSMIUM;9992;11;9988;28;;;10008;11;10010;29;;;9999.5;0.0
3;40400;INTARIAN_PEPPER_ROOT;9089;11;9088;24;;;9105;12;9109;22;;;9098.0;0.0
3;40500;ASH_COATED_OSMIUM;9991;14;9990;20;;;10008;13;10010;20;;;9999.5;0.0
3;40500;INTARIAN_PEPPER_ROOT;9091;12;9087;24;;;9105;8;;;9114;23;9097.5;0.0
3;40600;ASH_COATED_OSMIUM;9990;15;;;;;10007;11;10010;25;;;9999.0;0.0
3;40600;INTARIAN_PEPPER_ROOT;9090;23;9087;19;;;9106;12;;;;;9097.0;0.0
3;40700;ASH_COATED_OSMIUM;9991;13;9988;24;;;10007;14;10009;21;;;9999.0;0.0
3;40700;INTARIAN_PEPPER_ROOT;9089;8;;;;;9104;11;9107;17;;;9096.0;0.0
3;40800;ASH_COATED_OSMIUM;9995;12;;;;;10008;11;;;;;9999.5;0.0
3;40800;INTARIAN_PEPPER_ROOT;9088;9;9086;20;;;9103;8;;;;;9095.5;0.0
3;40900;ASH_COATED_OSMIUM;9992;14;;;;;10008;11;;;;;9999.5;0.0
3;40900;INTARIAN_PEPPER_ROOT;9088;12;9085;12;;;9102;8;9101;24;;;9095.0;0.0
3;41000;ASH_COATED_OSMIUM;9992;11;9993;20;;;10008;10;10011;21;;;10000.0;0.0
3;41000;INTARIAN_PEPPER_ROOT;9088;22;9086;24;;;9106;10;;;;;9094.5;0.0
3;41100;ASH_COATED_OSMIUM;9991;14;9988;22;;;10008;13;10012;30;;;9999.5;0.0
3;41100;INTARIAN_PEPPER_ROOT;9086;11;;;;;9102;8;;;;;9093.5;0.0
3;41200;ASH_COATED_OSMIUM;9991;12;9994;28;;;10007;23;10009;20;;;9999.0;0.0
3;41200;INTARIAN_PEPPER_ROOT;9086;10;9082;18;;;9100;8;9103;24;;;9093.0;0.0
3;41300;ASH_COATED_OSMIUM;9989;11;9990;28;;;10008;13;10010;28;;;9999.5;0.0
3;41300;INTARIAN_PEPPER_ROOT;9086;11;9082;20;;;9100;10;9103;19;;;9092.5;0.0
3;41400;ASH_COATED_OSMIUM;9991;12;;;;;10008;11;10010;25;;;10000.0;0.0
3;41400;INTARIAN_PEPPER_ROOT;9085;11;9082;22;;;9099;12;;;;;9092.0;0.0
3;41500;ASH_COATED_OSMIUM;9991;15;9990;26;;;10008;13;;;;;10000.0;0.0
3;41500;INTARIAN_PEPPER_ROOT;9082;12;9081;23;;;9101;16;9103;16;;;9091.5;0.0
3;41600;ASH_COATED_OSMIUM;9994;23;;;;;10008;13;10006;21;;;10000.0;0.0
3;41600;INTARIAN_PEPPER_ROOT;9084;25;9079;20;;;9098;11;9101;24;;;9090.5;0.0
3;41700;ASH_COATED_OSMIUM;9993;15;9991;21;;;10009;11;10012;21;;;10000.5;0.0
3;41700;INTARIAN_PEPPER_ROOT;9083;11;9080;20;;;9098;16;9101;24;;;9090.0;0.0
3;41800;ASH_COATED_OSMIUM;9991;14;9990;26;;;10009;10;10012;23;;;10000.5;0.0
3;41800;INTARIAN_PEPPER_ROOT;9083;10;;;;;9099;8;9100;23;;;9089.5;0.0
3;41900;ASH_COATED_OSMIUM;9993;13;9989;30;;;10005;13;10012;21;;;10000.5;0.0
3;41900;INTARIAN_PEPPER_ROOT;9082;9;9078;23;;;9097;8;9100;18;;;9089.0;0.0
3;42000;ASH_COATED_OSMIUM;9993;24;;;;;10009;11;;;;;10000.5;0.0
3;42000;INTARIAN_PEPPER_ROOT;9082;10;;;;;9097;11;9099;25;;;9088.5;0.0
3;42100;ASH_COATED_OSMIUM;9993;10;;;;;10010;14;10012;26;;;10000.5;0.0
3;42100;INTARIAN_PEPPER_ROOT;9080;12;9078;25;;;9095;12;;;;;9087.5;0.0
3;42200;ASH_COATED_OSMIUM;9993;12;9989;29;;;10009;15;10012;29;;;10000.5;0.0
3;42200;INTARIAN_PEPPER_ROOT;9078;9;9076;25;9070;25;9096;9;9097;22;;;9087.0;0.0
3;42300;ASH_COATED_OSMIUM;9991;14;9989;21;;;10008;11;;;;;10000.0;0.0
3;42300;INTARIAN_PEPPER_ROOT;9078;10;;;;;9094;12;;;;;9086.5;0.0
3;42400;ASH_COATED_OSMIUM;9992;10;9990;26;;;10010;12;10012;25;;;10000.5;0.0
3;42400;INTARIAN_PEPPER_ROOT;9079;9;9074;21;;;9094;8;9097;17;;;9086.0;0.0
3;42500;ASH_COATED_OSMIUM;9996;12;9990;21;9987;27;10008;11;;;;;10000.0;0.0
3;42500;INTARIAN_PEPPER_ROOT;9077;10;;;;;9095;8;9095;19;;;9085.5;0.0
3;42600;ASH_COATED_OSMIUM;9992;14;9989;22;;;10009;10;10011;20;;;10000.0;0.0
3;42600;INTARIAN_PEPPER_ROOT;9076;12;9075;23;;;9092;12;9097;19;;;9084.5;0.0
3;42700;ASH_COATED_OSMIUM;9993;22;;;;;10009;20;;;;;10000.5;0.0
3;42700;INTARIAN_PEPPER_ROOT;9076;17;;;;;9092;9;9096;23;;;9084.0;0.0
3;42800;ASH_COATED_OSMIUM;9993;15;9990;29;;;10010;5;;;;;10001.0;0.0
3;42800;INTARIAN_PEPPER_ROOT;9077;10;;;;;9091;12;9094;22;;;9083.5;0.0
3;42900;ASH_COATED_OSMIUM;9994;12;9992;26;;;10010;13;;;;;10001.5;0.0
3;42900;INTARIAN_PEPPER_ROOT;9076;10;9072;15;;;9090;23;9094;15;;;9083.0;0.0
3;43000;ASH_COATED_OSMIUM;9992;14;9990;22;;;10009;11;10014;20;;;10000.5;0.0
3;43000;INTARIAN_PEPPER_ROOT;9073;8;;;;;9091;11;;;;;9082.0;0.0
3;43100;ASH_COATED_OSMIUM;9993;13;9990;24;;;10011;12;10013;22;;;10001.0;0.0
3;43100;INTARIAN_PEPPER_ROOT;9073;12;9070;22;;;9089;17;9092;18;;;9081.5;0.0
3;43200;ASH_COATED_OSMIUM;9993;12;9990;29;;;10009;10;;;;;10000.5;0.0
3;43200;INTARIAN_PEPPER_ROOT;9074;9;9070;15;;;9088;8;9092;19;;;9081.0;0.0
3;43300;ASH_COATED_OSMIUM;9997;14;9990;20;;;10009;11;10012;28;10017;30;10001.0;0.0
3;43300;INTARIAN_PEPPER_ROOT;9073;11;9070;19;;;9088;10;9094;23;;;9080.5;0.0
3;43400;ASH_COATED_OSMIUM;9993;24;9991;21;;;10010;10;;;;;10001.5;0.0
3;43400;INTARIAN_PEPPER_ROOT;9071;12;9070;24;;;9087;12;9091;22;;;9080.0;0.0
3;43500;ASH_COATED_OSMIUM;9997;27;;;;;10010;29;10014;27;;;10001.5;0.0
3;43500;INTARIAN_PEPPER_ROOT;9071;10;9069;19;;;9086;8;9093;20;;;9079.0;0.0
3;43600;ASH_COATED_OSMIUM;9992;23;;;;;10009;23;10011;23;;;10001.0;0.0
3;43600;INTARIAN_PEPPER_ROOT;9070;10;;;;;9087;9;;;;;9078.5;0.0
3;43700;ASH_COATED_OSMIUM;9993;10;;;;;10008;14;;;;;10001.0;0.0
3;43700;INTARIAN_PEPPER_ROOT;9071;10;9067;16;;;9085;11;9090;22;;;9078.0;0.0
3;43800;ASH_COATED_OSMIUM;9992;12;9989;25;;;10010;12;;;;;10000.0;0.0
3;43800;INTARIAN_PEPPER_ROOT;9070;9;;;;;9085;11;;;;;9077.5;0.0
3;43900;ASH_COATED_OSMIUM;9992;10;9990;25;;;10009;13;10013;24;;;10000.5;0.0
3;43900;INTARIAN_PEPPER_ROOT;9069;11;9067;20;;;9084;8;;;;;9077.0;0.0
3;44000;ASH_COATED_OSMIUM;9994;11;9989;20;;;10010;30;10012;29;;;10000.5;0.0
3;44000;INTARIAN_PEPPER_ROOT;9069;12;;;;;9084;9;9088;15;;;9076.0;0.0
3;44100;ASH_COATED_OSMIUM;9991;14;9990;28;;;10009;13;10012;20;;;10000.5;0.0
3;44100;INTARIAN_PEPPER_ROOT;9068;11;;;;;9083;10;9088;24;;;9075.5;0.0
3;44200;ASH_COATED_OSMIUM;9993;15;9989;13;;;10009;5;10013;27;;;10001.0;0.0
3;44200;INTARIAN_PEPPER_ROOT;9067;10;9062;18;;;9082;12;9086;20;;;9075.0;0.0
3;44300;ASH_COATED_OSMIUM;9993;28;;;9988;20;10011;15;;;;;10001.0;0.0
3;44300;INTARIAN_PEPPER_ROOT;9070;8;;;;;9082;12;;;;;9074.5;0.0
3;44400;ASH_COATED_OSMIUM;9991;5;9991;22;;;10009;12;10012;14;;;10000.5;0.0
3;44400;INTARIAN_PEPPER_ROOT;9067;9;9064;21;;;9083;8;;;;;9074.0;0.0
3;44500;ASH_COATED_OSMIUM;9990;10;;;;;10009;15;;;;;10000.5;0.0
3;44500;INTARIAN_PEPPER_ROOT;9066;9;9062;17;;;9081;12;;;;;9073.0;0.0
3;44600;ASH_COATED_OSMIUM;9993;15;9989;23;;;10010;14;;;;;10000.5;0.0
3;44600;INTARIAN_PEPPER_ROOT;9064;11;9062;17;;;9080;18;9083;24;;;9072.5;0.0
3;44700;ASH_COATED_OSMIUM;9992;15;;;;;10007;23;;;10014;28;10000.5;0.0
3;44700;INTARIAN_PEPPER_ROOT;9065;21;9061;24;;;9080;11;9085;16;;;9072.0;0.0
3;44800;ASH_COATED_OSMIUM;9993;24;;;;;10010;13;10012;27;;;10000.5;0.0
3;44800;INTARIAN_PEPPER_ROOT;9065;9;9061;20;;;9079;10;9082;16;;;9071.5;0.0
3;44900;ASH_COATED_OSMIUM;9993;13;9990;28;;;10009;13;;;;;10000.5;0.0
3;44900;INTARIAN_PEPPER_ROOT;9064;9;9059;25;;;9079;10;;;;;9070.5;0.0
3;45000;ASH_COATED_OSMIUM;9996;10;9989;21;;;10010;12;10010;20;;;10000.0;0.0
3;45000;INTARIAN_PEPPER_ROOT;9062;12;9060;15;;;9077;12;9081;20;;;9070.0;0.0
3;45100;ASH_COATED_OSMIUM;9992;14;9985;22;;;10008;11;10011;30;;;9999.5;0.0
3;45100;INTARIAN_PEPPER_ROOT;9061;20;9059;18;;;9077;10;9080;19;;;9069.5;0.0
3;45200;ASH_COATED_OSMIUM;9992;10;;;;;10010;12;10011;27;;;10000.0;0.0
3;45200;INTARIAN_PEPPER_ROOT;9062;9;9058;18;;;9077;8;9080;20;;;9069.0;0.0
3;45300;ASH_COATED_OSMIUM;9993;11;9990;26;;;10009;13;10011;23;;;10000.5;0.0
3;45300;INTARIAN_PEPPER_ROOT;9061;10;;;;;9076;18;;;;;9068.5;0.0
3;45400;ASH_COATED_OSMIUM;9992;12;;;;;10010;11;;;;;10000.0;0.0
3;45400;INTARIAN_PEPPER_ROOT;9060;25;9058;19;;;9075;8;9078;23;;;9067.5;0.0
3;45500;ASH_COATED_OSMIUM;9992;12;9990;27;;;10008;12;10011;28;;;10000.0;0.0
3;45500;INTARIAN_PEPPER_ROOT;9058;12;;;9055;19;9076;12;9077;22;;;9067.0;0.0
3;45600;ASH_COATED_OSMIUM;9992;15;9990;25;9984;25;10008;12;10012;20;;;9999.5;0.0
3;45600;INTARIAN_PEPPER_ROOT;9060;12;9056;23;;;9074;10;;;;;9066.5;0.0
3;45700;ASH_COATED_OSMIUM;9992;10;9990;26;;;10009;11;;;;;9999.5;0.0
3;45700;INTARIAN_PEPPER_ROOT;9059;10;;;;;9075;12;9076;21;;;9066.0;0.0
3;45800;ASH_COATED_OSMIUM;9993;15;9991;27;;;10009;14;10012;28;;;10000.5;0.0
3;45800;INTARIAN_PEPPER_ROOT;9057;8;;;;;9074;10;;;;;9065.0;0.0
3;45900;ASH_COATED_OSMIUM;9993;10;9990;29;;;10009;14;10011;29;;;10000.5;0.0
3;45900;INTARIAN_PEPPER_ROOT;9056;12;9055;25;;;9072;11;9075;18;;;9064.5;0.0
3;46000;ASH_COATED_OSMIUM;9991;13;;;;;10008;27;10012;22;10014;30;10000.0;0.0
3;46000;INTARIAN_PEPPER_ROOT;9057;24;;;;;9071;21;9074;21;;;9064.0;0.0
3;46100;ASH_COATED_OSMIUM;9993;13;;;;;10009;15;10011;25;;;10000.5;0.0
3;46100;INTARIAN_PEPPER_ROOT;9055;12;9053;16;;;9071;22;9074;21;;;9063.5;0.0
3;46200;ASH_COATED_OSMIUM;9993;10;9989;29;9988;30;10010;14;10011;29;;;10000.5;0.0
3;46200;INTARIAN_PEPPER_ROOT;9054;8;9053;20;;;9070;12;9075;18;;;9063.0;0.0
3;46300;ASH_COATED_OSMIUM;9993;12;;;;;10009;14;;;;;10001.0;0.0
3;46300;INTARIAN_PEPPER_ROOT;9053;9;9051;21;;;9063;12;9073;17;;;9062.0;0.0
3;46400;ASH_COATED_OSMIUM;9998;15;9990;22;;;10009;10;10011;20;;;10001.0;0.0
3;46400;INTARIAN_PEPPER_ROOT;9054;8;9052;22;9049;22;9069;21;;;;;9061.5;0.0
3;46500;ASH_COATED_OSMIUM;9992;11;9988;22;;;10008;24;;;;;10000.0;0.0
3;46500;INTARIAN_PEPPER_ROOT;9054;20;9050;19;;;9070;11;9072;16;;;9061.0;0.0
3;46600;ASH_COATED_OSMIUM;9992;27;;;;;10008;10;10010;21;;;9999.5;0.0
3;46600;INTARIAN_PEPPER_ROOT;9054;10;9051;16;;;9069;11;9072;17;;;9060.5;0.0
3;46700;ASH_COATED_OSMIUM;9992;11;9990;26;;;10009;10;10011;22;;;9999.5;0.0
3;46700;INTARIAN_PEPPER_ROOT;9051;9;;;;;9067;12;;;;;9060.0;0.0
3;46800;ASH_COATED_OSMIUM;9991;11;9989;20;;;10008;10;;;;;10000.0;0.0
3;46800;INTARIAN_PEPPER_ROOT;9058;10;9048;24;;;9066;17;;;;;9059.0;0.0
3;46900;ASH_COATED_OSMIUM;9994;13;9990;25;;;10009;15;10012;26;;;10000.5;0.0
3;46900;INTARIAN_PEPPER_ROOT;9051;12;;;;;9066;11;9070;16;;;9058.5;0.0
3;47000;ASH_COATED_OSMIUM;9992;26;;;;;10010;11;;;;;10000.5;0.0
3;47000;INTARIAN_PEPPER_ROOT;9051;8;9046;23;;;9069;9;;;;;9058.0;0.0
3;47100;ASH_COATED_OSMIUM;9992;11;9991;30;;;10010;30;10012;30;;;10000.5;0.0
3;47100;INTARIAN_PEPPER_ROOT;9050;9;;;;;9065;10;9069;21;;;9057.5;0.0
3;47200;ASH_COATED_OSMIUM;9993;30;9993;26;;;10009;10;10013;20;;;10000.5;0.0
3;47200;INTARIAN_PEPPER_ROOT;9050;8;9046;24;;;9066;8;9067;20;;;9056.5;0.0
3;47300;ASH_COATED_OSMIUM;9993;29;9991;26;;;10010;10;;;;;10001.0;0.0
3;47300;INTARIAN_PEPPER_ROOT;9049;10;;;;;9065;11;9067;15;;;9056.0;0.0
3;47400;ASH_COATED_OSMIUM;9992;12;9990;22;;;10009;10;10013;26;;;10001.0;0.0
3;47400;INTARIAN_PEPPER_ROOT;9049;9;;;;;9065;10;9067;19;;;9055.5;0.0
3;47500;ASH_COATED_OSMIUM;9999;12;9991;23;;;10010;13;;;;;10001.5;0.0
3;47500;INTARIAN_PEPPER_ROOT;9048;16;;;;;9062;8;9066;18;;;9055.0;0.0
3;47600;ASH_COATED_OSMIUM;9993;28;;;;;10006;22;;;;;10001.0;0.0
3;47600;INTARIAN_PEPPER_ROOT;9048;9;;;;;9064;6;9066;16;;;9054.5;0.0
3;47700;ASH_COATED_OSMIUM;9994;14;;;;;10010;11;10012;27;;;10001.5;0.0
3;47700;INTARIAN_PEPPER_ROOT;9045;12;9043;21;;;9059;10;;;;;9053.5;0.0
3;47800;ASH_COATED_OSMIUM;9993;13;9990;28;;;10010;22;;;;;10001.0;0.0
3;47800;INTARIAN_PEPPER_ROOT;9044;22;9043;16;;;9062;8;9066;24;;;9053.0;0.0
3;47900;ASH_COATED_OSMIUM;9998;13;9991;25;;;10009;14;10012;26;;;10001.0;0.0
3;47900;INTARIAN_PEPPER_ROOT;9046;24;9043;21;;;9060;11;9063;24;;;9052.5;0.0
3;48000;ASH_COATED_OSMIUM;9993;14;9990;25;;;10009;12;10012;26;;;10000.5;0.0
3;48000;INTARIAN_PEPPER_ROOT;9045;10;9042;21;;;9060;9;9063;19;;;9052.0;0.0
3;48100;ASH_COATED_OSMIUM;9993;13;9989;28;;;10009;12;10011;20;;;10000.5;0.0
3;48100;INTARIAN_PEPPER_ROOT;9047;10;;;;;9059;19;;;;;9051.5;0.0
3;48200;ASH_COATED_OSMIUM;9993;10;;;;;10010;10;10012;23;;;10001.0;0.0
3;48200;INTARIAN_PEPPER_ROOT;9043;12;9040;25;;;9058;12;;;;;9050.5;0.0
3;48300;ASH_COATED_OSMIUM;9994;30;9991;22;;;10007;10;10013;29;;;10001.5;0.0
3;48300;INTARIAN_PEPPER_ROOT;9043;8;;;;;9058;12;9061;18;;;9050.0;0.0
3;48400;ASH_COATED_OSMIUM;9993;14;;;;;10009;11;10011;20;;;10001.0;0.0
3;48400;INTARIAN_PEPPER_ROOT;9042;10;;;;;9057;12;9060;23;;;9049.5;0.0
3;48500;ASH_COATED_OSMIUM;9993;10;9991;26;;;10009;24;10012;28;;;10001.0;0.0
3;48500;INTARIAN_PEPPER_ROOT;9042;12;9039;18;;;9058;8;9060;22;;;9049.0;0.0
3;48600;ASH_COATED_OSMIUM;9993;15;9989;20;9988;22;10006;11;10012;29;;;10000.5;0.0
3;48600;INTARIAN_PEPPER_ROOT;9040;9;;;;;9056;11;9060;24;;;9048.5;0.0
3;48700;ASH_COATED_OSMIUM;9991;12;;;;;10008;13;10013;22;;;10000.0;0.0
3;48700;INTARIAN_PEPPER_ROOT;9038;12;;;;;9050;11;9059;23;;;9047.5;0.0
3;48800;ASH_COATED_OSMIUM;9992;10;9989;30;;;10009;2;10012;26;;;9999.5;0.0
3;48800;INTARIAN_PEPPER_ROOT;9040;11;9036;19;;;9054;12;9058;21;;;9047.0;0.0
3;48900;ASH_COATED_OSMIUM;9992;14;9987;27;9987;22;10008;13;;;;;10000.0;0.0
3;48900;INTARIAN_PEPPER_ROOT;9045;12;;;;;9056;12;9057;16;;;9046.5;0.0
3;49000;ASH_COATED_OSMIUM;9992;15;9988;30;;;10009;13;;;;;10000.0;0.0
3;49000;INTARIAN_PEPPER_ROOT;9037;8;9036;22;;;9054;12;9059;21;9064;16;9046.0;0.0
3;49100;ASH_COATED_OSMIUM;9992;12;9988;29;;;10009;10;10011;30;;;9999.5;0.0
3;49100;INTARIAN_PEPPER_ROOT;9036;10;9035;22;;;9053;11;;;;;9045.0;0.0
3;49200;ASH_COATED_OSMIUM;9991;10;9988;27;;;10007;13;;;;;9999.0;0.0
3;49200;INTARIAN_PEPPER_ROOT;9037;10;;;;;9052;12;;;;;9044.5;0.0
3;49300;ASH_COATED_OSMIUM;9995;10;;;;;10008;10;;;;;9999.5;0.0
3;49300;INTARIAN_PEPPER_ROOT;9037;9;9033;23;;;9051;8;9056;18;;;9044.0;0.0
3;49400;ASH_COATED_OSMIUM;9992;11;;;;;10006;11;10006;14;;;10000.0;0.0
3;49400;INTARIAN_PEPPER_ROOT;9036;12;;;;;9052;11;9054;23;;;9043.5;0.0
3;49500;ASH_COATED_OSMIUM;9992;10;;;;;10005;24;10006;21;;;10000.0;0.0
3;49500;INTARIAN_PEPPER_ROOT;9034;9;9032;17;;;9051;12;9054;20;;;9043.0;0.0
3;49600;ASH_COATED_OSMIUM;9991;10;;;;;10009;11;10013;23;;;10000.5;0.0
3;49600;INTARIAN_PEPPER_ROOT;9033;12;;;;;9051;11;9052;20;;;9042.0;0.0
3;49700;ASH_COATED_OSMIUM;9992;10;9990;29;;;10008;14;;;;;10000.0;0.0
3;49700;INTARIAN_PEPPER_ROOT;9033;10;9030;24;;;9051;8;9052;24;;;9041.5;0.0
3;49800;ASH_COATED_OSMIUM;9996;25;9990;22;;;10010;12;10011;27;;;10000.5;0.0
3;49800;INTARIAN_PEPPER_ROOT;9032;12;;;;;9050;12;9053;18;;;9041.0;0.0
3;49900;ASH_COATED_OSMIUM;9991;10;;;;;10008;28;10014;23;;;10000.0;0.0
3;49900;INTARIAN_PEPPER_ROOT;9036;11;;;;;9048;22;9051;25;;;9040.5;0.0
3;50000;ASH_COATED_OSMIUM;9992;11;9990;29;;;10010;12;10011;28;;;10000.0;0.0
3;50000;INTARIAN_PEPPER_ROOT;9032;8;;;;;9049;11;9050;25;;;9039.5;0.0
3;50100;ASH_COATED_OSMIUM;9993;12;9989;29;;;10004;14;10012;29;;;10000.5;0.0
3;50100;INTARIAN_PEPPER_ROOT;9030;11;;;;;9047;9;9050;23;;;9039.0;0.0
3;50200;ASH_COATED_OSMIUM;9993;28;9989;29;;;10010;12;;;;;10000.5;0.0
3;50200;INTARIAN_PEPPER_ROOT;9032;8;9027;23;;;9046;9;;;;;9038.5;0.0
3;50300;ASH_COATED_OSMIUM;9991;14;9987;27;;;10008;10;10010;21;;;10000.0;0.0
3;50300;INTARIAN_PEPPER_ROOT;9031;12;9027;15;;;9045;19;9044;21;;;9038.0;0.0
3;50400;ASH_COATED_OSMIUM;9992;13;;;;;10003;13;10011;29;;;10000.0;0.0
3;50400;INTARIAN_PEPPER_ROOT;9031;24;9027;22;;;9045;16;;;;;9037.5;0.0
3;50500;ASH_COATED_OSMIUM;9992;24;9989;27;;;10008;13;10010;29;;;10000.0;0.0
3;50500;INTARIAN_PEPPER_ROOT;9030;11;;;;;9044;12;9047;20;;;9036.5;0.0
3;50600;ASH_COATED_OSMIUM;9992;13;;;;;10006;15;10011;29;;;10000.0;0.0
3;50600;INTARIAN_PEPPER_ROOT;9029;8;9025;24;;;9044;8;9047;25;;;9036.0;0.0
3;50700;ASH_COATED_OSMIUM;9992;11;9990;27;;;10008;15;10012;29;;;10000.0;0.0
3;50700;INTARIAN_PEPPER_ROOT;9029;11;9026;16;;;9043;12;;;;;9035.5;0.0
3;50800;ASH_COATED_OSMIUM;9992;10;9990;22;;;10003;15;10010;30;;;9999.5;0.0
3;50800;INTARIAN_PEPPER_ROOT;9027;10;;;;;9040;9;9046;25;;;9035.0;0.0
3;50900;ASH_COATED_OSMIUM;9996;12;9989;25;;;10008;11;10013;21;;;10000.0;0.0
3;50900;INTARIAN_PEPPER_ROOT;9025;18;;;;;9042;9;9046;24;;;9034.5;0.0
3;51000;ASH_COATED_OSMIUM;9991;13;9990;20;9985;23;10008;28;10008;27;;;10000.0;0.0
3;51000;INTARIAN_PEPPER_ROOT;9031;10;9022;22;;;9041;10;9045;23;;;9033.5;0.0
3;51100;ASH_COATED_OSMIUM;9996;11;;;;;10008;22;10012;25;;;10000.0;0.0
3;51100;INTARIAN_PEPPER_ROOT;9026;11;9022;22;;;9041;9;;;;;9033.0;0.0
3;51200;ASH_COATED_OSMIUM;9997;13;9991;23;;;10009;13;10012;21;;;10000.5;0.0
3;51200;INTARIAN_PEPPER_ROOT;9026;11;9023;15;;;9040;8;9043;18;;;9032.5;0.0
3;51300;ASH_COATED_OSMIUM;9993;12;9990;14;;;10010;15;10012;29;;;10000.5;0.0
3;51300;INTARIAN_PEPPER_ROOT;9025;10;9022;18;;;9039;8;9044;17;;;9032.0;0.0
3;51400;ASH_COATED_OSMIUM;9993;11;9991;28;;;10009;12;10012;12;;;10000.5;0.0
3;51400;INTARIAN_PEPPER_ROOT;9023;17;;;;;9041;19;9045;18;;;9031.5;0.0
3;51500;ASH_COATED_OSMIUM;9996;11;9991;22;;;10010;2;10013;24;;;10001.0;0.0
3;51500;INTARIAN_PEPPER_ROOT;9022;21;9020;25;;;9039;9;9042;23;;;9030.5;0.0
3;51600;ASH_COATED_OSMIUM;9997;12;9988;26;;;10011;12;10012;29;;;10001.0;0.0
3;51600;INTARIAN_PEPPER_ROOT;9023;12;;;;;9037;12;;;;;9030.0;0.0
3;51700;ASH_COATED_OSMIUM;9992;26;;;;;10009;10;10013;26;;;10001.0;0.0
3;51700;INTARIAN_PEPPER_ROOT;9029;11;9020;24;;;9039;17;9040;23;;;9029.5;0.0
3;51800;ASH_COATED_OSMIUM;9991;12;9991;20;;;10009;13;;;;;10000.5;0.0
3;51800;INTARIAN_PEPPER_ROOT;9022;10;9017;17;;;9038;9;9040;18;;;9029.0;0.0
3;51900;ASH_COATED_OSMIUM;9990;14;9991;29;;;10011;27;;;;;10000.5;0.0
3;51900;INTARIAN_PEPPER_ROOT;9022;15;;;;;9036;8;9040;23;;;9028.5;0.0
3;52000;ASH_COATED_OSMIUM;9992;4;9989;15;;;10008;22;;;;;10000.0;0.0
3;52000;INTARIAN_PEPPER_ROOT;9019;12;9017;23;;;9035;10;9039;24;;;9027.5;0.0
3;52100;ASH_COATED_OSMIUM;9994;27;9987;27;;;10008;29;;;10014;26;9999.5;0.0
3;52100;INTARIAN_PEPPER_ROOT;9016;17;9016;16;;;9036;10;9037;15;;;9027.0;0.0
3;52200;ASH_COATED_OSMIUM;9992;27;9990;22;;;10008;15;;;;;9999.5;0.0
3;52200;INTARIAN_PEPPER_ROOT;9020;25;;;;;9036;9;9037;17;;;9026.5;0.0
3;52300;ASH_COATED_OSMIUM;9992;25;9988;23;;;10008;14;10011;29;;;9999.5;0.0
3;52300;INTARIAN_PEPPER_ROOT;9019;11;9016;16;;;9035;9;;;;;9026.0;0.0
3;52400;ASH_COATED_OSMIUM;9992;15;9989;22;;;10008;13;10010;22;;;9999.5;0.0
3;52400;INTARIAN_PEPPER_ROOT;9018;11;9015;15;;;9033;11;9038;23;;;9025.0;0.0
3;52500;ASH_COATED_OSMIUM;9994;11;9988;23;;;10007;11;10009;25;;;9999.0;0.0
3;52500;INTARIAN_PEPPER_ROOT;9023;11;;;;;9032;12;;;;;9024.5;0.0
3;52600;ASH_COATED_OSMIUM;9991;10;;;;;10007;10;;;;;9998.5;0.0
3;52600;INTARIAN_PEPPER_ROOT;9015;9;;;;;9031;12;9034;21;;;9024.0;0.0
3;52700;ASH_COATED_OSMIUM;9991;11;9989;30;;;10008;15;;;;;9998.5;0.0
3;52700;INTARIAN_PEPPER_ROOT;9017;23;9019;24;;;9031;9;9036;20;;;9023.5;0.0
3;52800;ASH_COATED_OSMIUM;9991;20;;;;;10002;12;10010;22;;;9998.5;0.0
3;52800;INTARIAN_PEPPER_ROOT;9022;11;9013;15;;;9032;9;;;;;9023.0;0.0
3;52900;ASH_COATED_OSMIUM;9989;14;9988;29;;;10007;14;;;;;9999.0;0.0
3;52900;INTARIAN_PEPPER_ROOT;9015;7;;;;;9030;9;;;;;9022.0;0.0
3;53000;ASH_COATED_OSMIUM;9991;15;9987;25;;;10007;11;;;;;9999.0;0.0
3;53000;INTARIAN_PEPPER_ROOT;9015;11;9011;17;;;9029;12;;;;;9021.5;0.0
3;53100;ASH_COATED_OSMIUM;9992;12;9989;25;;;10010;30;;;;;9999.5;0.0
3;53100;INTARIAN_PEPPER_ROOT;9013;12;9011;23;;;9028;10;9034;19;;;9021.0;0.0
3;53200;ASH_COATED_OSMIUM;9997;13;;;;;10008;12;10006;28;10017;22;10000.0;0.0
3;53200;INTARIAN_PEPPER_ROOT;9014;12;;;;;9030;11;9032;24;;;9020.5;0.0
3;53300;ASH_COATED_OSMIUM;9992;12;9990;29;;;10008;11;10012;23;;;9999.5;0.0
3;53300;INTARIAN_PEPPER_ROOT;9013;11;9010;22;;;9031;9;;;;;9020.0;0.0
3;53400;ASH_COATED_OSMIUM;9989;26;9989;20;;;10005;15;;;;;9999.5;0.0
3;53400;INTARIAN_PEPPER_ROOT;9010;10;9009;18;;;9028;8;9030;24;;;9019.0;0.0
3;53500;ASH_COATED_OSMIUM;9992;10;;;;;10008;23;10012;29;;;9999.5;0.0
3;53500;INTARIAN_PEPPER_ROOT;9010;23;;;;;9026;12;9029;16;;;9018.5;0.0
3;53600;ASH_COATED_OSMIUM;9991;13;;;;;10008;14;10010;20;;;9999.5;0.0
3;53600;INTARIAN_PEPPER_ROOT;9011;11;9007;24;;;9026;9;9029;17;;;9018.0;0.0
3;53700;ASH_COATED_OSMIUM;9990;13;9988;26;;;10008;15;10010;26;;;9999.5;0.0
3;53700;INTARIAN_PEPPER_ROOT;9010;10;9007;18;;;9025;9;;;;;9017.5;0.0
3;53800;ASH_COATED_OSMIUM;9991;20;9988;23;;;10008;13;;;;;10000.0;0.0
3;53800;INTARIAN_PEPPER_ROOT;9007;11;;;;;9026;21;9027;16;;;9016.5;0.0
3;53900;ASH_COATED_OSMIUM;9992;10;;;;;10010;14;10013;21;;;10001.0;0.0
3;53900;INTARIAN_PEPPER_ROOT;9007;10;9006;15;;;9024;16;;;9029;23;9016.0;0.0
3;54000;ASH_COATED_OSMIUM;9993;11;;;;;10010;10;;;;;10001.0;0.0
3;54000;INTARIAN_PEPPER_ROOT;9006;9;;;;;9023;10;;;;;9015.5;0.0
3;54100;ASH_COATED_OSMIUM;9993;15;;;;;10009;20;10011;30;;;10000.5;0.0
3;54100;INTARIAN_PEPPER_ROOT;9008;8;9005;17;;;9023;10;;;;;9015.0;0.0
3;54200;ASH_COATED_OSMIUM;9993;13;;;;;10009;11;;;;;10001.0;0.0
3;54200;INTARIAN_PEPPER_ROOT;9008;8;;;;;9022;12;9026;21;;;9014.5;0.0
3;54300;ASH_COATED_OSMIUM;9993;14;;;;;10009;12;10011;23;;;10001.0;0.0
3;54300;INTARIAN_PEPPER_ROOT;9006;10;;;;;9021;7;;;;;9013.5;0.0
3;54400;ASH_COATED_OSMIUM;9993;14;;;;;10010;14;;;;;10001.0;0.0
3;54400;INTARIAN_PEPPER_ROOT;9008;12;9002;25;;;9020;9;9023;21;;;9013.0;0.0
3;54500;ASH_COATED_OSMIUM;9993;13;;;;;10010;10;10011;28;;;10000.5;0.0
3;54500;INTARIAN_PEPPER_ROOT;9004;20;;;;;9020;12;9023;22;;;9012.5;0.0
3;54600;ASH_COATED_OSMIUM;9993;23;9989;22;;;10010;11;10012;25;;;10000.5;0.0
3;54600;INTARIAN_PEPPER_ROOT;9003;24;9000;18;;;9021;9;;;;;9012.0;0.0
3;54700;ASH_COATED_OSMIUM;9992;14;;;;;10009;10;10013;28;;;10001.0;0.0
3;54700;INTARIAN_PEPPER_ROOT;9004;9;;;;;9021;10;9022;23;;;9011.5;0.0
3;54800;ASH_COATED_OSMIUM;9994;12;9992;28;;;10010;21;10012;26;;;10001.5;0.0
3;54800;INTARIAN_PEPPER_ROOT;9001;11;9000;21;;;9015;12;9021;24;;;9010.5;0.0
3;54900;ASH_COATED_OSMIUM;9993;13;9991;28;;;10009;10;10012;28;;;10001.0;0.0
3;54900;INTARIAN_PEPPER_ROOT;9003;17;;;;;9019;9;9021;22;;;9010.0;0.0
3;55000;ASH_COATED_OSMIUM;9993;12;9990;29;;;10011;20;10012;29;;;10001.0;0.0
3;55000;INTARIAN_PEPPER_ROOT;9003;11;8999;23;;;9017;8;9020;23;;;9009.5;0.0
3;55100;ASH_COATED_OSMIUM;9993;28;9990;13;;;10009;15;10014;22;;;10000.5;0.0
3;55100;INTARIAN_PEPPER_ROOT;9002;9;8997;18;;;9016;11;9020;21;;;9009.0;0.0
3;55200;ASH_COATED_OSMIUM;9992;10;9988;22;;;10008;10;10010;26;;;9999.5;0.0
3;55200;INTARIAN_PEPPER_ROOT;9001;22;8998;25;;;9016;8;9020;25;;;9008.0;0.0
3;55300;ASH_COATED_OSMIUM;9991;13;9990;21;;;10009;14;10011;30;;;9999.5;0.0
3;55300;INTARIAN_PEPPER_ROOT;8999;17;8997;15;;;9016;19;9018;15;;;9007.5;0.0
3;55400;ASH_COATED_OSMIUM;9992;11;;;;;10008;15;;;;;10000.0;0.0
3;55400;INTARIAN_PEPPER_ROOT;9000;12;8995;21;;;9016;8;9017;19;;;9007.0;0.0
3;55500;ASH_COATED_OSMIUM;9992;28;9989;21;;;10009;12;10010;22;;;9999.5;0.0
3;55500;INTARIAN_PEPPER_ROOT;8999;11;8995;19;;;9015;10;9017;18;;;9006.5;0.0
3;55600;ASH_COATED_OSMIUM;9992;10;9989;29;;;10008;13;;;;;10000.0;0.0
3;55600;INTARIAN_PEPPER_ROOT;8999;10;8996;18;;;9013;10;9016;22;;;9006.0;0.0
3;55700;ASH_COATED_OSMIUM;9992;13;;;;;10009;13;10012;21;;;10000.0;0.0
3;55700;INTARIAN_PEPPER_ROOT;8998;11;;;;;9013;21;9016;16;;;9005.0;0.0
3;55800;ASH_COATED_OSMIUM;9992;11;9990;21;;;10008;10;10014;26;;;10000.0;0.0
3;55800;INTARIAN_PEPPER_ROOT;8997;10;;;;;9012;12;9016;24;;;9004.5;0.0
3;55900;ASH_COATED_OSMIUM;9992;12;9988;29;;;10008;6;10011;22;10014;26;9999.5;0.0
3;55900;INTARIAN_PEPPER_ROOT;8997;12;8994;16;;;9011;9;;;;;9004.0;0.0
3;56000;ASH_COATED_OSMIUM;9991;15;;;;;10007;20;;;;;9999.0;0.0
3;56000;INTARIAN_PEPPER_ROOT;8996;8;8993;24;;;9012;12;9016;16;;;9003.5;0.0
3;56100;ASH_COATED_OSMIUM;9992;13;9993;23;;;10008;10;10010;30;;;9999.5;0.0
3;56100;INTARIAN_PEPPER_ROOT;8996;20;8993;25;;;9012;8;9014;20;;;9003.0;0.0
3;56200;ASH_COATED_OSMIUM;9991;11;9989;20;;;10008;10;10009;22;;;9999.0;0.0
3;56200;INTARIAN_PEPPER_ROOT;8995;9;;;;;9011;11;9012;25;;;9002.0;0.0
3;56300;ASH_COATED_OSMIUM;9991;12;;;;;10007;11;10009;21;;;9998.5;0.0
3;56300;INTARIAN_PEPPER_ROOT;8994;12;8991;24;;;9009;8;9012;17;;;9001.5;0.0
3;56400;ASH_COATED_OSMIUM;9990;15;;;;;10007;13;10010;23;;;9999.0;0.0
3;56400;INTARIAN_PEPPER_ROOT;8992;12;;;;;9008;10;;;;;9001.0;0.0
3;56500;ASH_COATED_OSMIUM;9996;27;9987;30;;;10007;12;;;;;9998.5;0.0
3;56500;INTARIAN_PEPPER_ROOT;8991;11;;;;;9008;11;9011;16;;;9000.5;0.0
3;56600;ASH_COATED_OSMIUM;9991;22;9988;24;;;10007;11;10010;27;;;9999.0;0.0
3;56600;INTARIAN_PEPPER_ROOT;8992;10;8989;25;;;9007;11;9010;24;;;8999.5;0.0
3;56700;ASH_COATED_OSMIUM;9994;10;;;;;10007;12;10010;28;;;9999.0;0.0
3;56700;INTARIAN_PEPPER_ROOT;8992;12;;;;;9006;12;;;;;8999.0;0.0
3;56800;ASH_COATED_OSMIUM;9992;14;9988;26;;;10008;2;10011;28;;;9999.5;0.0
3;56800;INTARIAN_PEPPER_ROOT;8992;10;8987;24;;;9009;9;9009;17;;;8998.5;0.0
3;56900;ASH_COATED_OSMIUM;9992;4;9990;30;;;10008;14;10010;25;;;10000.0;0.0
3;56900;INTARIAN_PEPPER_ROOT;8987;12;8988;22;;;9005;11;9009;21;;;8998.0;0.0
3;57000;ASH_COATED_OSMIUM;9992;29;;;9983;28;10008;13;10010;30;;;9999.5;0.0
3;57000;INTARIAN_PEPPER_ROOT;8989;12;8988;20;;;9006;12;9009;18;;;8997.5;0.0
3;57100;ASH_COATED_OSMIUM;9993;10;9991;10;;;10005;23;10013;20;;;10000.5;0.0
3;57100;INTARIAN_PEPPER_ROOT;8989;9;;;;;9006;8;;;;;8996.5;0.0
3;57200;ASH_COATED_OSMIUM;9993;10;9989;29;;;10009;13;;;;;10000.5;0.0
3;57200;INTARIAN_PEPPER_ROOT;8987;9;8985;16;;;9005;11;9007;20;;;8996.0;0.0
3;57300;ASH_COATED_OSMIUM;9992;12;;;;;10008;23;10010;25;;;9999.5;0.0
3;57300;INTARIAN_PEPPER_ROOT;8988;11;8985;20;;;9003;11;9006;24;;;8995.5;0.0
3;57400;ASH_COATED_OSMIUM;9992;11;;;;;10009;6;10010;29;;;9999.5;0.0
3;57400;INTARIAN_PEPPER_ROOT;8986;10;8985;18;;;9003;9;;;;;8995.0;0.0
3;57500;ASH_COATED_OSMIUM;9990;29;9989;20;;;10009;14;10011;25;;;9999.5;0.0
3;57500;INTARIAN_PEPPER_ROOT;8986;12;;;;;9002;17;;;;;8994.5;0.0
3;57600;ASH_COATED_OSMIUM;9991;14;9989;26;;;10009;25;10011;22;;;9999.5;0.0
3;57600;INTARIAN_PEPPER_ROOT;8985;11;8984;23;;;9003;8;;;;;8993.5;0.0
3;57700;ASH_COATED_OSMIUM;9993;14;;;;;10009;10;10014;28;;;10000.5;0.0
3;57700;INTARIAN_PEPPER_ROOT;8986;8;8982;24;;;9001;11;;;;;8993.0;0.0
3;57800;ASH_COATED_OSMIUM;9993;13;;;;;10009;14;;;;;10000.5;0.0
3;57800;INTARIAN_PEPPER_ROOT;8988;9;8982;18;;;9002;12;;;;;8992.5;0.0
3;57900;ASH_COATED_OSMIUM;9991;11;;;;;10009;10;10011;29;;;10000.0;0.0
3;57900;INTARIAN_PEPPER_ROOT;8985;8;;;;;8999;11;9002;22;;;8992.0;0.0
3;58000;ASH_COATED_OSMIUM;9991;13;;;;;10010;13;10008;24;;;10000.0;0.0
3;58000;INTARIAN_PEPPER_ROOT;8985;12;;;;;8999;10;;;;;8991.5;0.0
3;58100;ASH_COATED_OSMIUM;9992;13;9990;22;;;10009;11;10012;23;;;10000.5;0.0
3;58100;INTARIAN_PEPPER_ROOT;8983;12;8980;23;;;9000;10;9002;25;;;8990.5;0.0
3;58200;ASH_COATED_OSMIUM;9993;4;9989;30;;;10010;10;10011;29;;;10000.5;0.0
3;58200;INTARIAN_PEPPER_ROOT;8983;12;;;;;8997;10;9002;23;;;8990.0;0.0
3;58300;ASH_COATED_OSMIUM;9993;14;9991;20;;;10009;14;10012;21;;;10000.5;0.0
3;58300;INTARIAN_PEPPER_ROOT;8981;11;;;;;8999;22;;;;;8989.5;0.0
3;58400;ASH_COATED_OSMIUM;9991;14;9990;26;;;10011;11;10012;26;;;10000.0;0.0
3;58400;INTARIAN_PEPPER_ROOT;8982;9;8979;18;;;8996;12;9000;16;;;8989.0;0.0
3;58500;ASH_COATED_OSMIUM;9993;14;;;;;10009;10;;;;;10000.5;0.0
3;58500;INTARIAN_PEPPER_ROOT;8979;10;8984;21;;;8996;11;;;;;8988.0;0.0
3;58600;ASH_COATED_OSMIUM;9993;10;;;;;10010;15;10011;26;;;10000.5;0.0
3;58600;INTARIAN_PEPPER_ROOT;8979;8;;;;;8997;8;8999;16;;;8987.5;0.0
3;58700;ASH_COATED_OSMIUM;9993;15;;;;;10010;14;10012;25;;;10000.5;0.0
3;58700;INTARIAN_PEPPER_ROOT;8980;12;8983;22;;;8994;17;;;;;8987.0;0.0
3;58800;ASH_COATED_OSMIUM;9990;29;9989;27;;;10010;13;;;;;10000.0;0.0
3;58800;INTARIAN_PEPPER_ROOT;8985;11;;;;;8994;11;;;;;8986.5;0.0
3;58900;ASH_COATED_OSMIUM;9991;5;;;;;10008;13;;;;;10000.0;0.0
3;58900;INTARIAN_PEPPER_ROOT;8977;10;8974;24;;;8994;10;8996;23;;;8986.0;0.0
3;59000;ASH_COATED_OSMIUM;9991;8;9989;30;;;10008;15;;;;;9999.5;0.0
3;59000;INTARIAN_PEPPER_ROOT;8976;11;8974;25;;;8993;8;;;;;8985.0;0.0
3;59100;ASH_COATED_OSMIUM;9990;12;9988;29;;;10008;14;10010;27;;;9999.5;0.0
3;59100;INTARIAN_PEPPER_ROOT;8977;12;;;;;8992;9;;;;;8984.5;0.0
3;59200;ASH_COATED_OSMIUM;9992;11;9989;30;;;10009;14;;;;;9999.5;0.0
3;59200;INTARIAN_PEPPER_ROOT;8977;19;;;8968;18;8993;12;8997;18;;;8984.0;0.0
3;59300;ASH_COATED_OSMIUM;9990;8;;;;;10009;21;10011;24;;;10000.5;0.0
3;59300;INTARIAN_PEPPER_ROOT;8977;12;;;;;8993;12;8994;22;;;8983.5;0.0
3;59400;ASH_COATED_OSMIUM;9993;11;;;;;10006;15;10007;11;;;10000.5;0.0
3;59400;INTARIAN_PEPPER_ROOT;8976;10;8972;10;;;8993;8;;;;;8983.0;0.0
3;59500;ASH_COATED_OSMIUM;9996;15;9991;22;;;10010;11;10012;24;;;10000.5;0.0
3;59500;INTARIAN_PEPPER_ROOT;8975;8;8972;15;;;8990;10;;;;;8982.0;0.0
3;59600;ASH_COATED_OSMIUM;9992;11;9991;29;;;10012;14;10011;25;;;10001.0;0.0
3;59600;INTARIAN_PEPPER_ROOT;8973;11;8971;21;;;8989;10;8995;21;;;8981.5;0.0
3;59700;ASH_COATED_OSMIUM;9990;12;9990;22;;;10009;13;10012;24;;;10000.5;0.0
3;59700;INTARIAN_PEPPER_ROOT;8972;25;8970;18;;;8990;8;8992;21;;;8981.0;0.0
3;59800;ASH_COATED_OSMIUM;9991;14;9991;20;;;10010;15;;;;;10000.5;0.0
3;59800;INTARIAN_PEPPER_ROOT;8970;8;8970;21;;;8989;12;;;;;8980.5;0.0
3;59900;ASH_COATED_OSMIUM;9992;12;9989;15;;;10007;14;10011;26;;;10000.5;0.0
3;59900;INTARIAN_PEPPER_ROOT;8972;12;8967;23;;;8987;10;;;;;8979.5;0.0
3;60000;ASH_COATED_OSMIUM;9992;11;;;;;10008;15;;;;;10000.0;0.0
3;60000;INTARIAN_PEPPER_ROOT;8975;10;8968;16;;;8987;12;8990;20;;;8979.0;0.0
3;60100;ASH_COATED_OSMIUM;9993;14;9989;29;;;10010;15;10012;23;;;10000.5;0.0
3;60100;INTARIAN_PEPPER_ROOT;8971;8;8966;18;;;8986;11;8989;23;;;8978.5;0.0
3;60200;ASH_COATED_OSMIUM;9993;13;;;;;10010;13;;;;;10001.5;0.0
3;60200;INTARIAN_PEPPER_ROOT;8971;12;8968;21;;;8985;8;8989;17;;;8978.0;0.0
3;60300;ASH_COATED_OSMIUM;9993;12;;;;;10009;15;10013;21;;;10001.0;0.0
3;60300;INTARIAN_PEPPER_ROOT;8969;10;8967;17;;;8986;11;;;;;8977.5;0.0
3;60400;ASH_COATED_OSMIUM;9994;11;9990;21;;;10011;13;10013;21;;;10001.5;0.0
3;60400;INTARIAN_PEPPER_ROOT;8969;12;8964;24;;;8984;11;;;;;8976.5;0.0
3;60500;ASH_COATED_OSMIUM;9992;13;9990;25;;;10011;12;10013;24;;;10001.0;0.0
3;60500;INTARIAN_PEPPER_ROOT;8969;12;;;;;8985;10;8989;25;;;8976.0;0.0
3;60600;ASH_COATED_OSMIUM;9996;15;9991;23;;;10009;12;10012;23;;;10001.0;0.0
3;60600;INTARIAN_PEPPER_ROOT;8968;25;;;;;8983;8;8986;8;;;8975.5;0.0
3;60700;ASH_COATED_OSMIUM;9993;14;;;;;10009;14;;;;;10001.0;0.0
3;60700;INTARIAN_PEPPER_ROOT;8966;8;8965;18;;;8982;16;8986;24;;;8975.0;0.0
3;60800;ASH_COATED_OSMIUM;9993;27;9990;21;;;10009;11;10013;11;;;10000.5;0.0
3;60800;INTARIAN_PEPPER_ROOT;8965;9;8963;24;;;8984;11;8985;16;;;8974.5;0.0
3;60900;ASH_COATED_OSMIUM;9993;11;9991;24;;;10007;10;;;;;10001.0;0.0
3;60900;INTARIAN_PEPPER_ROOT;8967;9;8964;18;;;8983;8;;;;;8973.5;0.0
3;61000;ASH_COATED_OSMIUM;9996;10;9989;28;;;10009;12;;;;;10001.0;0.0
3;61000;INTARIAN_PEPPER_ROOT;8966;21;;;;;8981;9;;;;;8973.0;0.0
3;61100;ASH_COATED_OSMIUM;9993;12;;;;;10009;13;10012;21;;;10000.5;0.0
3;61100;INTARIAN_PEPPER_ROOT;8965;11;;;;;8981;12;8984;24;;;8972.5;0.0
3;61200;ASH_COATED_OSMIUM;9993;12;9990;25;;;10009;12;;;;;10001.0;0.0
3;61200;INTARIAN_PEPPER_ROOT;8965;12;8962;24;;;8981;18;;;;;8972.0;0.0
3;61300;ASH_COATED_OSMIUM;9993;15;9989;26;;;10009;15;;;;;10001.0;0.0
3;61300;INTARIAN_PEPPER_ROOT;8965;9;8961;21;;;8981;8;;;;;8971.5;0.0
3;61400;ASH_COATED_OSMIUM;9995;13;;;;;10009;3;10011;30;;;10000.5;0.0
3;61400;INTARIAN_PEPPER_ROOT;8962;12;8959;23;;;8978;11;8983;15;;;8970.5;0.0
3;61500;ASH_COATED_OSMIUM;9993;10;;;9986;30;10009;12;10011;28;;;10000.5;0.0
3;61500;INTARIAN_PEPPER_ROOT;8963;11;8960;16;;;8978;10;;;;;8970.0;0.0
3;61600;ASH_COATED_OSMIUM;9993;12;;;;;10009;10;;;;;10001.0;0.0
3;61600;INTARIAN_PEPPER_ROOT;8963;8;8959;20;;;8977;16;;;;;8969.5;0.0
3;61700;ASH_COATED_OSMIUM;9996;14;9990;25;;;10009;26;10012;23;;;10000.5;0.0
3;61700;INTARIAN_PEPPER_ROOT;8962;12;8959;24;;;8977;17;;;;;8969.0;0.0
3;61800;ASH_COATED_OSMIUM;9993;21;9989;23;;;10009;5;;;;;10000.5;0.0
3;61800;INTARIAN_PEPPER_ROOT;8961;8;8958;17;;;8977;8;;;;;8968.0;0.0
3;61900;ASH_COATED_OSMIUM;9997;15;;;;;10009;23;;;;;10000.5;0.0
3;61900;INTARIAN_PEPPER_ROOT;8959;10;8957;24;;;8975;11;8978;24;;;8967.5;0.0
3;62000;ASH_COATED_OSMIUM;9990;5;9990;21;;;10008;14;;;;;9999.5;0.0
3;62000;INTARIAN_PEPPER_ROOT;8958;12;8957;23;;;8976;19;8978;25;;;8967.0;0.0
3;62100;ASH_COATED_OSMIUM;9992;11;9988;30;;;10008;11;10011;23;;;9999.5;0.0
3;62100;INTARIAN_PEPPER_ROOT;8959;11;8956;19;;;8977;8;8972;25;;;8966.5;0.0
3;62200;ASH_COATED_OSMIUM;9990;28;9988;21;;;10007;12;10009;20;10013;26;9999.0;0.0
3;62200;INTARIAN_PEPPER_ROOT;8959;8;8956;15;;;8972;8;;;;;8966.0;0.0
3;62300;ASH_COATED_OSMIUM;9990;15;9989;23;;;10009;13;;;;;9999.5;0.0
3;62300;INTARIAN_PEPPER_ROOT;8957;4;8955;24;;;8973;10;8978;24;;;8965.0;0.0
3;62400;ASH_COATED_OSMIUM;9990;12;9989;30;;;10007;14;10009;27;;;9998.5;0.0
3;62400;INTARIAN_PEPPER_ROOT;8956;12;8953;25;;;8972;11;8975;20;;;8964.5;0.0
3;62500;ASH_COATED_OSMIUM;9990;12;;;;;10006;13;10008;25;;;9998.0;0.0
3;62500;INTARIAN_PEPPER_ROOT;8957;8;;;;;8971;11;8975;18;;;8964.0;0.0
3;62600;ASH_COATED_OSMIUM;9988;23;9987;24;;;10003;14;;;;;9997.5;0.0
3;62600;INTARIAN_PEPPER_ROOT;8955;12;8953;20;;;8971;8;;;;;8963.5;0.0
3;62700;ASH_COATED_OSMIUM;9990;10;9987;30;;;10006;13;10008;26;;;9997.5;0.0
3;62700;INTARIAN_PEPPER_ROOT;8956;12;8952;18;;;8970;17;8969;25;;;8963.0;0.0
3;62800;ASH_COATED_OSMIUM;9990;14;9988;10;;;10009;15;;;;;9998.0;0.0
3;62800;INTARIAN_PEPPER_ROOT;8955;11;8952;21;;;8969;9;8973;19;;;8962.0;0.0
3;62900;ASH_COATED_OSMIUM;9988;15;9988;21;;;10006;11;;;;;9997.5;0.0
3;62900;INTARIAN_PEPPER_ROOT;8955;9;8952;18;;;8971;8;;;;;8961.5;0.0
3;63000;ASH_COATED_OSMIUM;9989;11;9983;20;;;10005;13;10007;20;;;9997.0;0.0
3;63000;INTARIAN_PEPPER_ROOT;8953;10;;;;;8970;18;8971;15;;;8961.0;0.0
3;63100;ASH_COATED_OSMIUM;9990;12;9986;29;;;10006;11;10005;20;;;9997.5;0.0
3;63100;INTARIAN_PEPPER_ROOT;8952;10;;;;;8968;9;;;;;8960.5;0.0
3;63200;ASH_COATED_OSMIUM;9989;10;;;;;10005;11;10007;29;;;9997.0;0.0
3;63200;INTARIAN_PEPPER_ROOT;8953;11;8948;16;;;8968;11;8970;16;;;8960.0;0.0
3;63300;ASH_COATED_OSMIUM;9990;12;;;;;10006;13;10009;21;;;9997.5;0.0
3;63300;INTARIAN_PEPPER_ROOT;8950;16;8949;17;;;8966;8;8971;20;;;8959.0;0.0
3;63400;ASH_COATED_OSMIUM;9988;23;9986;30;;;10007;14;10009;20;;;9997.0;0.0
3;63400;INTARIAN_PEPPER_ROOT;8956;12;;;;;8966;19;8971;19;;;8958.5;0.0
3;63500;ASH_COATED_OSMIUM;9993;24;9986;28;;;10008;14;10009;25;;;9997.0;0.0
3;63500;INTARIAN_PEPPER_ROOT;8950;8;;;;;8966;17;8969;11;8975;11;8958.0;0.0
3;63600;ASH_COATED_OSMIUM;9988;12;9987;24;;;10006;15;;;;;9997.5;0.0
3;63600;INTARIAN_PEPPER_ROOT;8949;9;;;;;8965;8;8969;21;;;8957.5;0.0
3;63700;ASH_COATED_OSMIUM;9990;14;9987;29;;;10006;10;;;;;9997.5;0.0
3;63700;INTARIAN_PEPPER_ROOT;8949;9;8947;24;;;8964;12;;;;;8956.5;0.0
3;63800;ASH_COATED_OSMIUM;9990;10;;;;;10008;11;;;;;9998.5;0.0
3;63800;INTARIAN_PEPPER_ROOT;8948;8;;;;;8965;11;;;;;8956.0;0.0
3;63900;ASH_COATED_OSMIUM;9991;13;9989;21;;;10008;10;10010;30;;;9999.0;0.0
3;63900;INTARIAN_PEPPER_ROOT;8947;12;8946;21;;;8963;10;8966;8;;;8955.5;0.0
3;64000;ASH_COATED_OSMIUM;9990;11;;;;;10007;10;10009;22;;;9999.0;0.0
3;64000;INTARIAN_PEPPER_ROOT;8948;9;8945;20;;;8962;10;8966;19;;;8955.0;0.0
3;64100;ASH_COATED_OSMIUM;9991;11;9992;29;;;10007;15;10009;27;;;9999.0;0.0
3;64100;INTARIAN_PEPPER_ROOT;8947;9;8943;15;;;8962;8;8966;20;;;8954.5;0.0
3;64200;ASH_COATED_OSMIUM;9990;15;9988;27;;;10008;15;;;;;9999.0;0.0
3;64200;INTARIAN_PEPPER_ROOT;8943;10;8945;20;;;8964;12;8965;24;;;8953.5;0.0
3;64300;ASH_COATED_OSMIUM;9991;28;9987;20;;;10007;10;10009;21;;;9998.5;0.0
3;64300;INTARIAN_PEPPER_ROOT;8946;9;8941;21;;;8962;25;8964;15;;;8953.0;0.0
3;64400;ASH_COATED_OSMIUM;9991;13;9987;27;;;10007;10;10011;25;;;9998.5;0.0
3;64400;INTARIAN_PEPPER_ROOT;8951;16;8942;18;;;8960;10;8965;16;;;8952.5;0.0
3;64500;ASH_COATED_OSMIUM;9990;10;9987;26;;;10006;11;10009;25;;;9998.0;0.0
3;64500;INTARIAN_PEPPER_ROOT;8945;19;8939;25;;;8960;9;;;;;8952.0;0.0
3;64600;ASH_COATED_OSMIUM;9989;13;;;;;10008;27;10008;23;10012;29;9998.0;0.0
3;64600;INTARIAN_PEPPER_ROOT;8945;9;8942;20;;;8959;17;8963;19;;;8951.5;0.0
3;64700;ASH_COATED_OSMIUM;9991;12;;;;;10008;12;10010;23;;;9999.5;0.0
3;64700;INTARIAN_PEPPER_ROOT;8944;11;8938;24;;;8958;11;8964;23;;;8950.5;0.0
3;64800;ASH_COATED_OSMIUM;9992;14;9988;27;;;10008;21;10010;27;;;9999.5;0.0
3;64800;INTARIAN_PEPPER_ROOT;8948;9;;;;;8959;22;;;;;8950.0;0.0
3;64900;ASH_COATED_OSMIUM;9991;15;9990;29;;;10009;14;10011;24;;;10000.0;0.0
3;64900;INTARIAN_PEPPER_ROOT;8943;9;8939;18;;;8957;11;;;;;8949.5;0.0
3;65000;ASH_COATED_OSMIUM;9993;27;9989;28;;;10009;15;;;;;10000.5;0.0
3;65000;INTARIAN_PEPPER_ROOT;8942;8;8938;15;;;8958;9;8963;19;;;8949.0;0.0
3;65100;ASH_COATED_OSMIUM;9991;14;9989;21;;;10009;12;10011;22;;;10000.0;0.0
3;65100;INTARIAN_PEPPER_ROOT;8942;11;8938;24;;;8956;11;;;;;8948.5;0.0
3;65200;ASH_COATED_OSMIUM;9992;11;9989;30;;;10005;27;10010;26;;;10000.0;0.0
3;65200;INTARIAN_PEPPER_ROOT;8941;12;8937;22;;;8955;11;;;;;8947.5;0.0
3;65300;ASH_COATED_OSMIUM;9991;14;9990;20;;;10008;15;;;;;9999.5;0.0
3;65300;INTARIAN_PEPPER_ROOT;8940;11;8937;21;;;8955;10;;;;;8947.0;0.0
3;65400;ASH_COATED_OSMIUM;9992;15;9989;14;;;10008;15;;;;;10000.0;0.0
3;65400;INTARIAN_PEPPER_ROOT;8939;12;8936;25;;;8956;18;;;;;8946.5;0.0
3;65500;ASH_COATED_OSMIUM;9991;10;;;;;10008;15;;;;;10000.0;0.0
3;65500;INTARIAN_PEPPER_ROOT;8937;15;8935;23;;;8954;10;8958;21;;;8946.0;0.0
3;65600;ASH_COATED_OSMIUM;9990;14;9993;28;;;10008;15;10010;20;;;9999.5;0.0
3;65600;INTARIAN_PEPPER_ROOT;8938;12;;;;;8952;8;8956;23;;;8945.0;0.0
3;65700;ASH_COATED_OSMIUM;9995;14;9990;23;;;10008;5;10010;21;;;9999.5;0.0
3;65700;INTARIAN_PEPPER_ROOT;8938;11;8934;25;;;8952;9;;;;;8944.5;0.0
3;65800;ASH_COATED_OSMIUM;9995;22;9989;23;;;10004;14;10009;29;;;9999.0;0.0
3;65800;INTARIAN_PEPPER_ROOT;8937;8;;;;;8952;8;;;;;8944.0;0.0
3;65900;ASH_COATED_OSMIUM;9989;14;;;;;10007;10;;;;;9999.0;0.0
3;65900;INTARIAN_PEPPER_ROOT;8937;15;8932;19;;;8951;9;;;;;8943.5;0.0
3;66000;ASH_COATED_OSMIUM;9990;5;;;;;10007;12;10009;30;;;9999.0;0.0
3;66000;INTARIAN_PEPPER_ROOT;8936;9;8933;21;;;8951;12;;;;;8943.0;0.0
3;66100;ASH_COATED_OSMIUM;9991;10;;;;;10008;11;10010;25;;;9999.0;0.0
3;66100;INTARIAN_PEPPER_ROOT;8935;11;8931;22;;;8950;8;;;8959;18;8942.0;0.0
3;66200;ASH_COATED_OSMIUM;9992;12;9990;27;;;10008;10;10010;27;;;10000.0;0.0
3;66200;INTARIAN_PEPPER_ROOT;8933;8;8932;17;;;8949;8;;;;;8941.5;0.0
3;66300;ASH_COATED_OSMIUM;9992;14;9987;24;;;10004;23;10010;24;;;9999.5;0.0
3;66300;INTARIAN_PEPPER_ROOT;8932;11;8927;22;;;8949;10;;;;;8941.0;0.0
3;66400;ASH_COATED_OSMIUM;9992;14;9989;23;;;10009;14;;;;;9999.5;0.0
3;66400;INTARIAN_PEPPER_ROOT;8932;8;8928;22;;;8948;22;8952;20;;;8940.5;0.0
3;66500;ASH_COATED_OSMIUM;9992;12;9990;20;;;10008;13;10011;27;;;9999.5;0.0
3;66500;INTARIAN_PEPPER_ROOT;8932;11;;;;;8947;8;8952;17;;;8939.5;0.0
3;66600;ASH_COATED_OSMIUM;9991;25;9989;21;;;10009;13;;;;;10000.0;0.0
3;66600;INTARIAN_PEPPER_ROOT;8932;11;;;;;8948;11;;;;;8939.0;0.0
3;66700;ASH_COATED_OSMIUM;9991;15;9989;22;;;10007;15;10010;28;;;9999.0;0.0
3;66700;INTARIAN_PEPPER_ROOT;8930;9;8927;21;;;8946;9;;;;;8938.5;0.0
3;66800;ASH_COATED_OSMIUM;9992;23;;;;;10008;12;10006;24;;;9999.5;0.0
3;66800;INTARIAN_PEPPER_ROOT;8931;8;8927;19;;;8945;11;8950;22;;;8938.0;0.0
3;66900;ASH_COATED_OSMIUM;9994;12;9990;26;;;10008;10;10010;24;;;9999.5;0.0
3;66900;INTARIAN_PEPPER_ROOT;8930;16;8927;16;;;8945;11;8948;23;;;8937.5;0.0
3;67000;ASH_COATED_OSMIUM;9992;10;9989;23;;;10008;4;10011;25;;;9999.5;0.0
3;67000;INTARIAN_PEPPER_ROOT;8930;20;;;;;8944;8;8942;20;;;8936.5;0.0
3;67100;ASH_COATED_OSMIUM;9991;11;9989;20;;;10007;10;;;;;9999.0;0.0
3;67100;INTARIAN_PEPPER_ROOT;8929;10;8926;17;;;8945;9;;;;;8936.0;0.0
3;67200;ASH_COATED_OSMIUM;9992;14;9989;26;9987;30;10008;13;;;;;10000.0;0.0
3;67200;INTARIAN_PEPPER_ROOT;8929;11;8924;22;;;8943;8;;;;;8935.5;0.0
3;67300;ASH_COATED_OSMIUM;9991;13;9989;25;;;10007;14;10011;23;;;9999.0;0.0
3;67300;INTARIAN_PEPPER_ROOT;8928;9;;;;;8944;12;8945;22;;;8935.0;0.0
3;67400;ASH_COATED_OSMIUM;9991;11;;;;;10007;20;10009;30;;;9999.0;0.0
3;67400;INTARIAN_PEPPER_ROOT;8928;10;8925;16;;;8942;10;8945;17;;;8934.5;0.0
3;67500;ASH_COATED_OSMIUM;9991;11;9985;23;;;10008;12;10010;25;;;9998.5;0.0
3;67500;INTARIAN_PEPPER_ROOT;8926;11;8922;17;;;8943;9;8944;24;;;8933.5;0.0
3;67600;ASH_COATED_OSMIUM;9991;11;9985;25;;;10007;15;10011;22;;;9998.5;0.0
3;67600;INTARIAN_PEPPER_ROOT;8924;9;;;;;8940;10;8938;24;;;8933.0;0.0
3;67700;ASH_COATED_OSMIUM;9990;14;;;9986;28;10007;21;10011;25;;;9999.0;0.0
3;67700;INTARIAN_PEPPER_ROOT;8926;11;;;;;8940;9;8943;17;;;8932.5;0.0
3;67800;ASH_COATED_OSMIUM;9991;14;9989;30;;;10009;25;10009;20;;;9999.0;0.0
3;67800;INTARIAN_PEPPER_ROOT;8925;9;;;;;8938;8;8943;25;8945;15;8932.0;0.0
3;67900;ASH_COATED_OSMIUM;9991;10;;;;;10009;14;10009;26;;;9999.0;0.0
3;67900;INTARIAN_PEPPER_ROOT;8930;11;8919;22;;;8939;11;8943;23;;;8931.5;0.0
3;68000;ASH_COATED_OSMIUM;9993;12;9988;23;;;10008;11;10010;28;;;9998.5;0.0
3;68000;INTARIAN_PEPPER_ROOT;8923;11;8915;23;;;8938;9;8941;16;;;8930.5;0.0
3;68100;ASH_COATED_OSMIUM;9989;15;9987;26;;;10006;15;10010;24;;;9998.0;0.0
3;68100;INTARIAN_PEPPER_ROOT;8923;16;;;;;8937;12;;;;;8930.0;0.0
3;68200;ASH_COATED_OSMIUM;9991;14;9989;29;;;10007;11;10009;23;;;9998.5;0.0
3;68200;INTARIAN_PEPPER_ROOT;8923;15;8919;20;;;8937;8;8942;17;;;8929.5;0.0
3;68300;ASH_COATED_OSMIUM;9990;25;;;;;10007;21;10011;24;;;9999.0;0.0
3;68300;INTARIAN_PEPPER_ROOT;8922;24;8918;22;;;8938;11;;;;;8929.0;0.0
3;68400;ASH_COATED_OSMIUM;9991;13;9988;26;;;10009;13;;;;;9999.0;0.0
3;68400;INTARIAN_PEPPER_ROOT;8920;8;;;;;8936;5;;;;;8928.5;0.0
3;68500;ASH_COATED_OSMIUM;9992;10;9989;28;;;10008;12;;;;;9999.5;0.0
3;68500;INTARIAN_PEPPER_ROOT;8920;11;8916;22;;;8937;9;8940;24;;;8927.5;0.0
3;68600;ASH_COATED_OSMIUM;9992;11;;;;;10008;22;10011;23;;;9999.5;0.0
3;68600;INTARIAN_PEPPER_ROOT;8920;11;8917;25;;;8934;10;;;;;8927.0;0.0
3;68700;ASH_COATED_OSMIUM;9992;27;9990;26;;;10010;11;10010;24;;;10000.0;0.0
3;68700;INTARIAN_PEPPER_ROOT;8918;8;8917;15;;;8934;9;8937;15;;;8926.5;0.0
3;68800;ASH_COATED_OSMIUM;9992;26;9990;29;;;10005;30;10012;29;;;9999.5;0.0
3;68800;INTARIAN_PEPPER_ROOT;8918;12;;;;;8933;11;;;;;8926.0;0.0
3;68900;ASH_COATED_OSMIUM;9994;15;9989;25;;;10008;22;;;;;9999.5;0.0
3;68900;INTARIAN_PEPPER_ROOT;8918;9;;;;;8934;12;;;;;8925.0;0.0
3;69000;ASH_COATED_OSMIUM;9992;14;9990;20;;;10002;15;10011;30;;;9999.5;0.0
3;69000;INTARIAN_PEPPER_ROOT;8916;21;;;;;8932;9;;;;;8924.5;0.0
3;69100;ASH_COATED_OSMIUM;9989;13;9987;22;;;10008;11;10011;22;;;9999.5;0.0
3;69100;INTARIAN_PEPPER_ROOT;8917;19;;;;;8931;8;;;;;8924.0;0.0
3;69200;ASH_COATED_OSMIUM;9991;14;9988;24;;;10010;15;10011;22;;;10000.0;0.0
3;69200;INTARIAN_PEPPER_ROOT;8915;12;8912;20;;;8933;8;8937;19;;;8923.5;0.0
3;69300;ASH_COATED_OSMIUM;9992;10;9990;25;;;10008;13;10010;24;;;10000.0;0.0
3;69300;INTARIAN_PEPPER_ROOT;8916;17;8913;21;;;8930;9;;;;;8923.0;0.0
3;69400;ASH_COATED_OSMIUM;9993;10;9990;26;;;10010;14;10012;23;;;10000.5;0.0
3;69400;INTARIAN_PEPPER_ROOT;8915;11;;;;;8930;9;8933;19;;;8922.0;0.0
3;69500;ASH_COATED_OSMIUM;9993;15;9990;23;;;10009;12;10012;29;;;10000.5;0.0
3;69500;INTARIAN_PEPPER_ROOT;8913;10;;;;;8929;10;8935;23;;;8921.5;0.0
3;69600;ASH_COATED_OSMIUM;9992;14;9985;26;;;10008;4;10012;26;;;10000.0;0.0
3;69600;INTARIAN_PEPPER_ROOT;8912;17;;;;;8929;8;;;;;8921.0;0.0
