timestamp;buyer;seller;symbol;currency;price;quantity
300;;;INTARIAN_PEPPER_ROOT;XIRECS;9335.0;6
1300;;;ASH_COATED_OSMIUM;XIRECS;9992.0;5
2000;;;ASH_COATED_OSMIUM;XIRECS;9992.0;4
3400;;;INTARIAN_PEPPER_ROOT;XIRECS;9316.0;7
3500;;;INTARIAN_PEPPER_ROOT;XIRECS;9330.0;6
5500;;;ASH_COATED_OSMIUM;XIRECS;9995.0;4
7600;;;INTARIAN_PEPPER_ROOT;XIRECS;9288.0;5
10000;;;ASH_COATED_OSMIUM;XIRECS;9992.0;8
10400;;;INTARIAN_PEPPER_ROOT;XIRECS;9288.0;6
10700;;;ASH_COATED_OSMIUM;XIRECS;10010.0;2
14100;;;ASH_COATED_OSMIUM;XIRECS;10008.0;3
15100;;;INTARIAN_PEPPER_ROOT;XIRECS;9242.0;8
15800;;;INTARIAN_PEPPER_ROOT;XIRECS;9255.0;5
17200;;;INTARIAN_PEPPER_ROOT;XIRECS;9232.0;5
17300;;;ASH_COATED_OSMIUM;XIRECS;10009.0;4
18500;;;INTARIAN_PEPPER_ROOT;XIRECS;9239.0;8
18600;;;ASH_COATED_OSMIUM;XIRECS;10009.0;4
19100;;;INTARIAN_PEPPER_ROOT;XIRECS;9220.0;7
19300;;;ASH_COATED_OSMIUM;XIRECS;9993.0;2
19700;;;ASH_COATED_OSMIUM;XIRECS;10011.0;5
21600;;;INTARIAN_PEPPER_ROOT;XIRECS;9219.0;5
21600;;;ASH_COATED_OSMIUM;XIRECS;9994.0;5
21800;;;INTARIAN_PEPPER_ROOT;XIRECS;9219.0;5
22700;;;INTARIAN_PEPPER_ROOT;XIRECS;9207.0;5
23800;;;ASH_COATED_OSMIUM;XIRECS;10008.0;8
25100;;;INTARIAN_PEPPER_ROOT;XIRECS;9199.0;4
27600;;;INTARIAN_PEPPER_ROOT;XIRECS;9167.0;4
28800;;;INTARIAN_PEPPER_ROOT;XIRECS;9176.0;6
29600;;;ASH_COATED_OSMIUM;XIRECS;9992.0;6
30400;;;INTARIAN_PEPPER_ROOT;XIRECS;9168.0;7
31300;;;INTARIAN_PEPPER_ROOT;XIRECS;9144.0;5
34500;;;ASH_COATED_OSMIUM;XIRECS;10010.0;9
34700;;;INTARIAN_PEPPER_ROOT;XIRECS;9126.0;5
37900;;;ASH_COATED_OSMIUM;XIRECS;10008.0;6
39600;;;ASH_COATED_OSMIUM;XIRECS;9990.0;2
40900;;;ASH_COATED_OSMIUM;XIRECS;10008.0;10
44200;;;ASH_COATED_OSMIUM;XIRECS;9993.0;8
44500;;;INTARIAN_PEPPER_ROOT;XIRECS;9066.0;6
45300;;;ASH_COATED_OSMIUM;XIRECS;9993.0;5
47300;;;ASH_COATED_OSMIUM;XIRECS;10010.0;5
47800;;;ASH_COATED_OSMIUM;XIRECS;9993.0;3
49600;;;ASH_COATED_OSMIUM;XIRECS;9991.0;3
49900;;;INTARIAN_PEPPER_ROOT;XIRECS;9048.0;3
55800;;;INTARIAN_PEPPER_ROOT;XIRECS;9012.0;8
56400;;;ASH_COATED_OSMIUM;XIRECS;10007.0;5
58000;;;INTARIAN_PEPPER_ROOT;XIRECS;8985.0;3
58800;;;ASH_COATED_OSMIUM;XIRECS;10010.0;5
60000;;;ASH_COATED_OSMIUM;XIRECS;10008.0;5
60700;;;ASH_COATED_OSMIUM;XIRECS;10009.0;3
61000;;;INTARIAN_PEPPER_ROOT;XIRECS;8966.0;5
61100;;;ASH_COATED_OSMIUM;XIRECS;10009.0;6
62000;;;ASH_COATED_OSMIUM;XIRECS;10008.0;9
62100;;;ASH_COATED_OSMIUM;XIRECS;9992.0;6
65800;;;ASH_COATED_OSMIUM;XIRECS;9995.0;6
68300;;;INTARIAN_PEPPER_ROOT;XIRECS;8922.0;4
69700;;;ASH_COATED_OSMIUM;XIRECS;10009.0;6
71500;;;ASH_COATED_OSMIUM;XIRECS;9993.0;4
72700;;;INTARIAN_PEPPER_ROOT;XIRECS;8909.0;5
72900;;;ASH_COATED_OSMIUM;XIRECS;9992.0;5
75200;;;INTARIAN_PEPPER_ROOT;XIRECS;8895.0;4
76800;;;INTARIAN_PEPPER_ROOT;XIRECS;8889.0;3
77700;;;INTARIAN_PEPPER_ROOT;XIRECS;8880.0;3
78100;;;ASH_COATED_OSMIUM;XIRECS;9990.0;5
80200;;;INTARIAN_PEPPER_ROOT;XIRECS;8864.0;4
80800;;;INTARIAN_PEPPER_ROOT;XIRECS;8846.0;6
82400;;;INTARIAN_PEPPER_ROOT;XIRECS;8835.0;4
85000;;;ASH_COATED_OSMIUM;XIRECS;9993.0;5
86300;;;INTARIAN_PEPPER_ROOT;XIRECS;8827.0;3
86300;;;ASH_COATED_OSMIUM;XIRECS;9996.0;6
87300;;;ASH_COATED_OSMIUM;XIRECS;9992.0;6
88200;;;INTARIAN_PEPPER_ROOT;XIRECS;8801.0;7
89600;;;ASH_COATED_OSMIUM;XIRECS;10011.0;5
90600;;;INTARIAN_PEPPER_ROOT;XIRECS;8786.0;4
91700;;;INTARIAN_PEPPER_ROOT;XIRECS;8795.0;7
92100;;;INTARIAN_PEPPER_ROOT;XIRECS;8778.0;5
92800;;;INTARIAN_PEPPER_ROOT;XIRECS;8788.0;7
93000;;;ASH_COATED_OSMIUM;XIRECS;10005.0;5
94300;;;INTARIAN_PEPPER_ROOT;XIRECS;8764.0;7
95800;;;ASH_COATED_OSMIUM;XIRECS;9992.0;2
96400;;;INTARIAN_PEPPER_ROOT;XIRECS;8752.0;3
98100;;;INTARIAN_PEPPER_ROOT;XIRECS;8741.0;3
98300;;;ASH_COATED_OSMIUM;XIRECS;10010.0;5
99200;;;INTARIAN_PEPPER_ROOT;XIRECS;8735.0;6
99300;;;INTARIAN_PEPPER_ROOT;XIRECS;8750.0;4
101800;;;ASH_COATED_OSMIUM;XIRECS;9990.0;5
102000;;;INTARIAN_PEPPER_ROOT;XIRECS;8716.0;7
110700;;;ASH_COATED_OSMIUM;XIRECS;9991.0;8
110800;;;ASH_COATED_OSMIUM;XIRECS;9992.0;9
111000;;;INTARIAN_PEPPER_ROOT;XIRECS;8678.0;7
111300;;;ASH_COATED_OSMIUM;XIRECS;9991.0;7
111700;;;ASH_COATED_OSMIUM;XIRECS;9992.0;5
113400;;;ASH_COATED_OSMIUM;XIRECS;10005.0;7
113400;;;ASH_COATED_OSMIUM;XIRECS;9992.0;3
113500;;;ASH_COATED_OSMIUM;XIRECS;10009.0;4
113500;;;ASH_COATED_OSMIUM;XIRECS;10009.0;6
113900;;;INTARIAN_PEPPER_ROOT;XIRECS;8660.0;7
114800;;;ASH_COATED_OSMIUM;XIRECS;9993.0;4
115500;;;INTARIAN_PEPPER_ROOT;XIRECS;8634.0;6
115600;;;ASH_COATED_OSMIUM;XIRECS;9994.0;8
116100;;;ASH_COATED_OSMIUM;XIRECS;9993.0;10
116200;;;INTARIAN_PEPPER_ROOT;XIRECS;8631.0;8
117000;;;ASH_COATED_OSMIUM;XIRECS;10008.0;4
119800;;;INTARIAN_PEPPER_ROOT;XIRECS;8607.0;7
121100;;;INTARIAN_PEPPER_ROOT;XIRECS;8602.0;5
121600;;;INTARIAN_PEPPER_ROOT;XIRECS;8613.0;7
122400;;;ASH_COATED_OSMIUM;XIRECS;10007.0;6
122700;;;ASH_COATED_OSMIUM;XIRECS;9991.0;4
124700;;;ASH_COATED_OSMIUM;XIRECS;10007.0;2
127000;;;ASH_COATED_OSMIUM;XIRECS;9993.0;5
127600;;;ASH_COATED_OSMIUM;XIRECS;10008.0;8
128700;;;INTARIAN_PEPPER_ROOT;XIRECS;8553.0;4
130100;;;ASH_COATED_OSMIUM;XIRECS;9992.0;10
131200;;;ASH_COATED_OSMIUM;XIRECS;10008.0;5
131400;;;ASH_COATED_OSMIUM;XIRECS;9991.0;2
132000;;;INTARIAN_PEPPER_ROOT;XIRECS;8550.0;8
132200;;;INTARIAN_PEPPER_ROOT;XIRECS;8532.0;6
132700;;;ASH_COATED_OSMIUM;XIRECS;10008.0;9
133000;;;ASH_COATED_OSMIUM;XIRECS;9993.0;6
134300;;;ASH_COATED_OSMIUM;XIRECS;9993.0;3
134800;;;INTARIAN_PEPPER_ROOT;XIRECS;8519.0;5
135200;;;INTARIAN_PEPPER_ROOT;XIRECS;8532.0;3
135300;;;ASH_COATED_OSMIUM;XIRECS;9990.0;3
136500;;;INTARIAN_PEPPER_ROOT;XIRECS;8523.0;6
136700;;;ASH_COATED_OSMIUM;XIRECS;9996.0;6
136900;;;INTARIAN_PEPPER_ROOT;XIRECS;8506.0;4
139800;;;INTARIAN_PEPPER_ROOT;XIRECS;8489.0;6
140000;;;INTARIAN_PEPPER_ROOT;XIRECS;8501.0;4
142800;;;ASH_COATED_OSMIUM;XIRECS;9993.0;2
143800;;;ASH_COATED_OSMIUM;XIRECS;9993.0;8
144000;;;ASH_COATED_OSMIUM;XIRECS;9991.0;5
144500;;;ASH_COATED_OSMIUM;XIRECS;10007.0;2
149300;;;INTARIAN_PEPPER_ROOT;XIRECS;8449.0;7
152700;;;ASH_COATED_OSMIUM;XIRECS;10009.0;3
155300;;;INTARIAN_PEPPER_ROOT;XIRECS;8410.0;4
155300;;;INTARIAN_PEPPER_ROOT;XIRECS;8410.0;6
155600;;;ASH_COATED_OSMIUM;XIRECS;10010.0;5
157100;;;ASH_COATED_OSMIUM;XIRECS;9992.0;6
157400;;;INTARIAN_PEPPER_ROOT;XIRECS;8379.0;7
157500;;;INTARIAN_PEPPER_ROOT;XIRECS;8396.0;3
160200;;;ASH_COATED_OSMIUM;XIRECS;10008.0;5
160700;;;INTARIAN_PEPPER_ROOT;XIRECS;8359.0;3
163900;;;INTARIAN_PEPPER_ROOT;XIRECS;8357.0;7
167100;;;INTARIAN_PEPPER_ROOT;XIRECS;8339.0;5
167600;;;ASH_COATED_OSMIUM;XIRECS;9993.0;10
168000;;;ASH_COATED_OSMIUM;XIRECS;9999.0;5
171400;;;ASH_COATED_OSMIUM;XIRECS;10010.0;3
174100;;;ASH_COATED_OSMIUM;XIRECS;10012.0;5
175000;;;ASH_COATED_OSMIUM;XIRECS;9992.0;3
175200;;;ASH_COATED_OSMIUM;XIRECS;10006.0;3
178500;;;INTARIAN_PEPPER_ROOT;XIRECS;8253.0;6
182200;;;INTARIAN_PEPPER_ROOT;XIRECS;8247.0;3
183300;;;ASH_COATED_OSMIUM;XIRECS;9995.0;2
185300;;;ASH_COATED_OSMIUM;XIRECS;10009.0;3
185700;;;INTARIAN_PEPPER_ROOT;XIRECS;8208.0;3
186000;;;ASH_COATED_OSMIUM;XIRECS;9992.0;7
186800;;;ASH_COATED_OSMIUM;XIRECS;10009.0;5
187700;;;INTARIAN_PEPPER_ROOT;XIRECS;8198.0;5
187700;;;ASH_COATED_OSMIUM;XIRECS;9992.0;10
188700;;;INTARIAN_PEPPER_ROOT;XIRECS;8206.0;4
192600;;;INTARIAN_PEPPER_ROOT;XIRECS;8184.0;4
193100;;;ASH_COATED_OSMIUM;XIRECS;10008.0;2
194100;;;ASH_COATED_OSMIUM;XIRECS;9992.0;6
194500;;;INTARIAN_PEPPER_ROOT;XIRECS;8155.0;5
197600;;;INTARIAN_PEPPER_ROOT;XIRECS;8138.0;3
198800;;;ASH_COATED_OSMIUM;XIRECS;9991.0;10
199500;;;ASH_COATED_OSMIUM;XIRECS;10010.0;2
199900;;;ASH_COATED_OSMIUM;XIRECS;10011.0;3
202300;;;INTARIAN_PEPPER_ROOT;XIRECS;8123.0;6
202400;;;INTARIAN_PEPPER_ROOT;XIRECS;8126.0;3
205300;;;ASH_COATED_OSMIUM;XIRECS;9992.0;2
205500;;;INTARIAN_PEPPER_ROOT;XIRECS;8090.0;7
205900;;;ASH_COATED_OSMIUM;XIRECS;9993.0;6
206600;;;ASH_COATED_OSMIUM;XIRECS;9992.0;2
207800;;;INTARIAN_PEPPER_ROOT;XIRECS;8091.0;4
208500;;;ASH_COATED_OSMIUM;XIRECS;9992.0;5
209300;;;ASH_COATED_OSMIUM;XIRECS;10006.0;5
212100;;;ASH_COATED_OSMIUM;XIRECS;9992.0;10
212500;;;INTARIAN_PEPPER_ROOT;XIRECS;8047.0;6
215000;;;INTARIAN_PEPPER_ROOT;XIRECS;8047.0;6
218000;;;INTARIAN_PEPPER_ROOT;XIRECS;8012.0;3
220000;;;ASH_COATED_OSMIUM;XIRECS;9994.0;2
222900;;;ASH_COATED_OSMIUM;XIRECS;10009.0;4
223300;;;INTARIAN_PEPPER_ROOT;XIRECS;7982.0;3
224700;;;ASH_COATED_OSMIUM;XIRECS;9990.0;4
231100;;;ASH_COATED_OSMIUM;XIRECS;10007.0;4
236400;;;INTARIAN_PEPPER_ROOT;XIRECS;7901.0;8
237500;;;ASH_COATED_OSMIUM;XIRECS;9991.0;5
240200;;;ASH_COATED_OSMIUM;XIRECS;10010.0;4
241300;;;ASH_COATED_OSMIUM;XIRECS;9990.0;10
242700;;;INTARIAN_PEPPER_ROOT;XIRECS;7864.0;8
244400;;;INTARIAN_PEPPER_ROOT;XIRECS;7853.0;6
244600;;;ASH_COATED_OSMIUM;XIRECS;9993.0;3
244800;;;INTARIAN_PEPPER_ROOT;XIRECS;7852.0;6
246900;;;ASH_COATED_OSMIUM;XIRECS;9999.0;4
247300;;;ASH_COATED_OSMIUM;XIRECS;10010.0;10
248100;;;ASH_COATED_OSMIUM;XIRECS;9992.0;8
248200;;;ASH_COATED_OSMIUM;XIRECS;9991.0;4
249100;;;INTARIAN_PEPPER_ROOT;XIRECS;7842.0;3
252700;;;ASH_COATED_OSMIUM;XIRECS;10008.0;6
253300;;;INTARIAN_PEPPER_ROOT;XIRECS;7814.0;3
254100;;;INTARIAN_PEPPER_ROOT;XIRECS;7795.0;7
255400;;;ASH_COATED_OSMIUM;XIRECS;9990.0;6
255500;;;INTARIAN_PEPPER_ROOT;XIRECS;7787.0;6
257100;;;ASH_COATED_OSMIUM;XIRECS;9992.0;7
257400;;;ASH_COATED_OSMIUM;XIRECS;10009.0;2
260400;;;INTARIAN_PEPPER_ROOT;XIRECS;7773.0;7
261600;;;INTARIAN_PEPPER_ROOT;XIRECS;7749.0;3
262300;;;ASH_COATED_OSMIUM;XIRECS;10010.0;5
264700;;;ASH_COATED_OSMIUM;XIRECS;9989.0;8
265100;;;ASH_COATED_OSMIUM;XIRECS;10007.0;3
265400;;;ASH_COATED_OSMIUM;XIRECS;10008.0;4
267600;;;INTARIAN_PEPPER_ROOT;XIRECS;7714.0;5
267800;;;INTARIAN_PEPPER_ROOT;XIRECS;7712.0;3
271200;;;ASH_COATED_OSMIUM;XIRECS;10011.0;6
273200;;;ASH_COATED_OSMIUM;XIRECS;10008.0;4
273900;;;INTARIAN_PEPPER_ROOT;XIRECS;7672.0;4
275000;;;INTARIAN_PEPPER_ROOT;XIRECS;7683.0;6
275500;;;ASH_COATED_OSMIUM;XIRECS;9992.0;6
278100;;;ASH_COATED_OSMIUM;XIRECS;9994.0;5
278200;;;ASH_COATED_OSMIUM;XIRECS;9997.0;2
279700;;;INTARIAN_PEPPER_ROOT;XIRECS;7656.0;8
279900;;;ASH_COATED_OSMIUM;XIRECS;10012.0;3
279900;;;ASH_COATED_OSMIUM;XIRECS;10012.0;6
280000;;;ASH_COATED_OSMIUM;XIRECS;10010.0;7
281200;;;INTARIAN_PEPPER_ROOT;XIRECS;7628.0;5
281400;;;INTARIAN_PEPPER_ROOT;XIRECS;7632.0;8
283100;;;INTARIAN_PEPPER_ROOT;XIRECS;7619.0;6
284000;;;ASH_COATED_OSMIUM;XIRECS;9990.0;10
284600;;;ASH_COATED_OSMIUM;XIRECS;10007.0;6
284600;;;ASH_COATED_OSMIUM;XIRECS;10007.0;6
286000;;;ASH_COATED_OSMIUM;XIRECS;9992.0;3
288100;;;ASH_COATED_OSMIUM;XIRECS;10009.0;5
290000;;;INTARIAN_PEPPER_ROOT;XIRECS;7577.0;4
290500;;;INTARIAN_PEPPER_ROOT;XIRECS;7589.0;7
295400;;;ASH_COATED_OSMIUM;XIRECS;10009.0;4
295900;;;ASH_COATED_OSMIUM;XIRECS;10008.0;3
297400;;;ASH_COATED_OSMIUM;XIRECS;10008.0;3
297600;;;ASH_COATED_OSMIUM;XIRECS;10005.0;10
298700;;;ASH_COATED_OSMIUM;XIRECS;10010.0;2
299700;;;ASH_COATED_OSMIUM;XIRECS;9993.0;7
300500;;;ASH_COATED_OSMIUM;XIRECS;10009.0;3
300900;;;ASH_COATED_OSMIUM;XIRECS;10010.0;4
300900;;;ASH_COATED_OSMIUM;XIRECS;9995.0;6
301800;;;ASH_COATED_OSMIUM;XIRECS;10009.0;7
303400;;;INTARIAN_PEPPER_ROOT;XIRECS;7501.0;3
304300;;;INTARIAN_PEPPER_ROOT;XIRECS;7490.0;7
305500;;;INTARIAN_PEPPER_ROOT;XIRECS;7483.0;4
306400;;;INTARIAN_PEPPER_ROOT;XIRECS;7478.0;5
307000;;;ASH_COATED_OSMIUM;XIRECS;9991.0;2
307100;;;INTARIAN_PEPPER_ROOT;XIRECS;7474.0;7
307800;;;INTARIAN_PEPPER_ROOT;XIRECS;7484.0;7
308900;;;ASH_COATED_OSMIUM;XIRECS;9994.0;3
309600;;;INTARIAN_PEPPER_ROOT;XIRECS;7457.0;6
309900;;;ASH_COATED_OSMIUM;XIRECS;10005.0;6
313200;;;ASH_COATED_OSMIUM;XIRECS;10008.0;3
315000;;;INTARIAN_PEPPER_ROOT;XIRECS;7424.0;5
316100;;;INTARIAN_PEPPER_ROOT;XIRECS;7417.0;7
316400;;;ASH_COATED_OSMIUM;XIRECS;10009.0;9
317500;;;INTARIAN_PEPPER_ROOT;XIRECS;7427.0;3
318700;;;INTARIAN_PEPPER_ROOT;XIRECS;7403.0;4
320300;;;INTARIAN_PEPPER_ROOT;XIRECS;7394.0;4
320600;;;ASH_COATED_OSMIUM;XIRECS;9993.0;4
320900;;;ASH_COATED_OSMIUM;XIRECS;10010.0;3
321300;;;INTARIAN_PEPPER_ROOT;XIRECS;7387.0;4
322700;;;ASH_COATED_OSMIUM;XIRECS;9991.0;4
323600;;;INTARIAN_PEPPER_ROOT;XIRECS;7388.0;6
328400;;;ASH_COATED_OSMIUM;XIRECS;10008.0;7
329700;;;ASH_COATED_OSMIUM;XIRECS;10010.0;8
330000;;;INTARIAN_PEPPER_ROOT;XIRECS;7353.0;7
330200;;;ASH_COATED_OSMIUM;XIRECS;10005.0;3
330700;;;ASH_COATED_OSMIUM;XIRECS;10008.0;4
331200;;;ASH_COATED_OSMIUM;XIRECS;9991.0;5
331400;;;ASH_COATED_OSMIUM;XIRECS;10009.0;3
334300;;;INTARIAN_PEPPER_ROOT;XIRECS;7323.0;4
335100;;;INTARIAN_PEPPER_ROOT;XIRECS;7302.0;6
335300;;;INTARIAN_PEPPER_ROOT;XIRECS;7303.0;7
335300;;;ASH_COATED_OSMIUM;XIRECS;10008.0;9
338400;;;INTARIAN_PEPPER_ROOT;XIRECS;7298.0;3
339700;;;INTARIAN_PEPPER_ROOT;XIRECS;7291.0;7
340400;;;INTARIAN_PEPPER_ROOT;XIRECS;7272.0;5
340500;;;ASH_COATED_OSMIUM;XIRECS;9993.0;4
341000;;;INTARIAN_PEPPER_ROOT;XIRECS;7268.0;6
341900;;;INTARIAN_PEPPER_ROOT;XIRECS;7271.0;4
342000;;;ASH_COATED_OSMIUM;XIRECS;9991.0;6
346400;;;ASH_COATED_OSMIUM;XIRECS;10012.0;6
351400;;;ASH_COATED_OSMIUM;XIRECS;9996.0;7
352100;;;INTARIAN_PEPPER_ROOT;XIRECS;7201.0;6
352200;;;INTARIAN_PEPPER_ROOT;XIRECS;7218.0;8
354400;;;ASH_COATED_OSMIUM;XIRECS;10009.0;8
356800;;;INTARIAN_PEPPER_ROOT;XIRECS;7172.0;5
359000;;;ASH_COATED_OSMIUM;XIRECS;9992.0;6
361000;;;ASH_COATED_OSMIUM;XIRECS;9990.0;2
361800;;;ASH_COATED_OSMIUM;XIRECS;9995.0;3
362000;;;ASH_COATED_OSMIUM;XIRECS;9994.0;6
362400;;;ASH_COATED_OSMIUM;XIRECS;10010.0;4
362500;;;ASH_COATED_OSMIUM;XIRECS;10009.0;6
363600;;;ASH_COATED_OSMIUM;XIRECS;10008.0;5
371600;;;ASH_COATED_OSMIUM;XIRECS;10009.0;9
371900;;;INTARIAN_PEPPER_ROOT;XIRECS;7079.0;5
372800;;;ASH_COATED_OSMIUM;XIRECS;9993.0;2
373500;;;ASH_COATED_OSMIUM;XIRECS;9993.0;2
374500;;;ASH_COATED_OSMIUM;XIRECS;9994.0;4
376800;;;ASH_COATED_OSMIUM;XIRECS;10010.0;10
379000;;;ASH_COATED_OSMIUM;XIRECS;10008.0;2
380000;;;ASH_COATED_OSMIUM;XIRECS;10009.0;6
382300;;;ASH_COATED_OSMIUM;XIRECS;10009.0;4
382800;;;INTARIAN_PEPPER_ROOT;XIRECS;7014.0;5
387800;;;ASH_COATED_OSMIUM;XIRECS;10008.0;4
387800;;;ASH_COATED_OSMIUM;XIRECS;9992.0;2
389000;;;INTARIAN_PEPPER_ROOT;XIRECS;6977.0;4
389800;;;ASH_COATED_OSMIUM;XIRECS;9992.0;6
394100;;;INTARIAN_PEPPER_ROOT;XIRECS;6961.0;5
394900;;;ASH_COATED_OSMIUM;XIRECS;10009.0;7
395000;;;ASH_COATED_OSMIUM;XIRECS;9992.0;2
398200;;;ASH_COATED_OSMIUM;XIRECS;9992.0;4
401500;;;ASH_COATED_OSMIUM;XIRECS;10008.0;4
401900;;;ASH_COATED_OSMIUM;XIRECS;9992.0;6
403400;;;ASH_COATED_OSMIUM;XIRECS;10008.0;4
404300;;;INTARIAN_PEPPER_ROOT;XIRECS;6898.0;4
404700;;;ASH_COATED_OSMIUM;XIRECS;10010.0;2
406200;;;ASH_COATED_OSMIUM;XIRECS;10010.0;5
406900;;;INTARIAN_PEPPER_ROOT;XIRECS;6868.0;5
407200;;;ASH_COATED_OSMIUM;XIRECS;10008.0;5
407600;;;ASH_COATED_OSMIUM;XIRECS;9992.0;8
407800;;;INTARIAN_PEPPER_ROOT;XIRECS;6878.0;7
408500;;;ASH_COATED_OSMIUM;XIRECS;9993.0;2
409000;;;INTARIAN_PEPPER_ROOT;XIRECS;6870.0;3
409200;;;INTARIAN_PEPPER_ROOT;XIRECS;6854.0;8
411900;;;INTARIAN_PEPPER_ROOT;XIRECS;6838.0;5
412400;;;ASH_COATED_OSMIUM;XIRECS;10007.0;5
413100;;;ASH_COATED_OSMIUM;XIRECS;9991.0;2
414600;;;ASH_COATED_OSMIUM;XIRECS;10007.0;6
414800;;;INTARIAN_PEPPER_ROOT;XIRECS;6835.0;3
415200;;;ASH_COATED_OSMIUM;XIRECS;10008.0;5
415300;;;ASH_COATED_OSMIUM;XIRECS;9991.0;10
417000;;;ASH_COATED_OSMIUM;XIRECS;9991.0;4
417900;;;ASH_COATED_OSMIUM;XIRECS;9992.0;5
418400;;;INTARIAN_PEPPER_ROOT;XIRECS;6799.0;5
419500;;;INTARIAN_PEPPER_ROOT;XIRECS;6792.0;6
419700;;;ASH_COATED_OSMIUM;XIRECS;9991.0;6
420400;;;ASH_COATED_OSMIUM;XIRECS;10007.0;5
422000;;;ASH_COATED_OSMIUM;XIRECS;9990.0;6
423200;;;INTARIAN_PEPPER_ROOT;XIRECS;6786.0;7
423200;;;ASH_COATED_OSMIUM;XIRECS;10009.0;5
424200;;;ASH_COATED_OSMIUM;XIRECS;9991.0;4
424800;;;ASH_COATED_OSMIUM;XIRECS;9991.0;2
424900;;;INTARIAN_PEPPER_ROOT;XIRECS;6774.0;5
427300;;;ASH_COATED_OSMIUM;XIRECS;9991.0;2
428800;;;INTARIAN_PEPPER_ROOT;XIRECS;6732.0;7
431200;;;ASH_COATED_OSMIUM;XIRECS;9992.0;2
436500;;;ASH_COATED_OSMIUM;XIRECS;9990.0;2
437500;;;ASH_COATED_OSMIUM;XIRECS;9991.0;3
438500;;;INTARIAN_PEPPER_ROOT;XIRECS;6691.0;8
441100;;;ASH_COATED_OSMIUM;XIRECS;10009.0;2
442900;;;INTARIAN_PEPPER_ROOT;XIRECS;6664.0;4
444900;;;INTARIAN_PEPPER_ROOT;XIRECS;6654.0;3
446100;;;INTARIAN_PEPPER_ROOT;XIRECS;6629.0;5
446200;;;INTARIAN_PEPPER_ROOT;XIRECS;6630.0;3
448100;;;INTARIAN_PEPPER_ROOT;XIRECS;6619.0;7
449100;;;ASH_COATED_OSMIUM;XIRECS;9993.0;6
450400;;;INTARIAN_PEPPER_ROOT;XIRECS;6621.0;6
453100;;;ASH_COATED_OSMIUM;XIRECS;10009.0;3
453300;;;ASH_COATED_OSMIUM;XIRECS;9991.0;3
453300;;;ASH_COATED_OSMIUM;XIRECS;10010.0;2
454300;;;ASH_COATED_OSMIUM;XIRECS;10008.0;6
454900;;;ASH_COATED_OSMIUM;XIRECS;10009.0;2
457500;;;INTARIAN_PEPPER_ROOT;XIRECS;6576.0;3
457500;;;ASH_COATED_OSMIUM;XIRECS;9992.0;10
457800;;;ASH_COATED_OSMIUM;XIRECS;10009.0;6
459000;;;ASH_COATED_OSMIUM;XIRECS;9995.0;9
459800;;;ASH_COATED_OSMIUM;XIRECS;9995.0;3
459900;;;ASH_COATED_OSMIUM;XIRECS;9993.0;5
463500;;;ASH_COATED_OSMIUM;XIRECS;10010.0;4
464000;;;ASH_COATED_OSMIUM;XIRECS;10012.0;5
465300;;;INTARIAN_PEPPER_ROOT;XIRECS;6528.0;6
465300;;;ASH_COATED_OSMIUM;XIRECS;9993.0;10
465500;;;ASH_COATED_OSMIUM;XIRECS;9993.0;6
465600;;;ASH_COATED_OSMIUM;XIRECS;10009.0;5
467000;;;ASH_COATED_OSMIUM;XIRECS;10005.0;6
467300;;;INTARIAN_PEPPER_ROOT;XIRECS;6502.0;5
467800;;;INTARIAN_PEPPER_ROOT;XIRECS;6499.0;4
470500;;;INTARIAN_PEPPER_ROOT;XIRECS;6492.0;5
473500;;;INTARIAN_PEPPER_ROOT;XIRECS;6479.0;4
477700;;;INTARIAN_PEPPER_ROOT;XIRECS;6453.0;7
481400;;;INTARIAN_PEPPER_ROOT;XIRECS;6416.0;3
485200;;;INTARIAN_PEPPER_ROOT;XIRECS;6408.0;5
487000;;;ASH_COATED_OSMIUM;XIRECS;10012.0;5
490200;;;INTARIAN_PEPPER_ROOT;XIRECS;6363.0;8
491400;;;ASH_COATED_OSMIUM;XIRECS;9993.0;5
491500;;;ASH_COATED_OSMIUM;XIRECS;9993.0;6
492100;;;ASH_COATED_OSMIUM;XIRECS;9993.0;5
492600;;;ASH_COATED_OSMIUM;XIRECS;10009.0;6
493300;;;INTARIAN_PEPPER_ROOT;XIRECS;6344.0;4
493600;;;INTARIAN_PEPPER_ROOT;XIRECS;6343.0;3
495100;;;ASH_COATED_OSMIUM;XIRECS;9990.0;6
495400;;;INTARIAN_PEPPER_ROOT;XIRECS;6346.0;6
497100;;;INTARIAN_PEPPER_ROOT;XIRECS;6336.0;7
499800;;;INTARIAN_PEPPER_ROOT;XIRECS;6322.0;5
500300;;;INTARIAN_PEPPER_ROOT;XIRECS;6318.0;3
501000;;;ASH_COATED_OSMIUM;XIRECS;9989.0;9
501100;;;INTARIAN_PEPPER_ROOT;XIRECS;6313.0;5
502100;;;INTARIAN_PEPPER_ROOT;XIRECS;6291.0;4
503800;;;ASH_COATED_OSMIUM;XIRECS;9992.0;3
504000;;;ASH_COATED_OSMIUM;XIRECS;9990.0;4
505800;;;INTARIAN_PEPPER_ROOT;XIRECS;6269.0;5
506200;;;INTARIAN_PEPPER_ROOT;XIRECS;6266.0;4
506800;;;ASH_COATED_OSMIUM;XIRECS;10008.0;4
507500;;;INTARIAN_PEPPER_ROOT;XIRECS;6276.0;6
507800;;;ASH_COATED_OSMIUM;XIRECS;9991.0;9
508100;;;INTARIAN_PEPPER_ROOT;XIRECS;6269.0;4
508500;;;INTARIAN_PEPPER_ROOT;XIRECS;6267.0;5
510600;;;ASH_COATED_OSMIUM;XIRECS;10009.0;2
515600;;;INTARIAN_PEPPER_ROOT;XIRECS;6209.0;6
517600;;;ASH_COATED_OSMIUM;XIRECS;10009.0;5
518100;;;INTARIAN_PEPPER_ROOT;XIRECS;6208.0;3
518900;;;INTARIAN_PEPPER_ROOT;XIRECS;6205.0;6
518900;;;ASH_COATED_OSMIUM;XIRECS;10009.0;3
519000;;;ASH_COATED_OSMIUM;XIRECS;10009.0;7
520000;;;ASH_COATED_OSMIUM;XIRECS;10008.0;8
522200;;;ASH_COATED_OSMIUM;XIRECS;9993.0;6
522300;;;ASH_COATED_OSMIUM;XIRECS;9992.0;2
522500;;;ASH_COATED_OSMIUM;XIRECS;9994.0;7
524000;;;ASH_COATED_OSMIUM;XIRECS;9997.0;6
525000;;;INTARIAN_PEPPER_ROOT;XIRECS;6161.0;4
525700;;;ASH_COATED_OSMIUM;XIRECS;10004.0;6
526000;;;ASH_COATED_OSMIUM;XIRECS;10008.0;2
526900;;;INTARIAN_PEPPER_ROOT;XIRECS;6140.0;5
527200;;;ASH_COATED_OSMIUM;XIRECS;9989.0;7
530600;;;ASH_COATED_OSMIUM;XIRECS;10009.0;4
530800;;;ASH_COATED_OSMIUM;XIRECS;10009.0;2
531400;;;INTARIAN_PEPPER_ROOT;XIRECS;6113.0;7
533900;;;ASH_COATED_OSMIUM;XIRECS;9992.0;6
535500;;;ASH_COATED_OSMIUM;XIRECS;9993.0;10
538400;;;ASH_COATED_OSMIUM;XIRECS;10011.0;6
541800;;;INTARIAN_PEPPER_ROOT;XIRECS;6047.0;5
543200;;;INTARIAN_PEPPER_ROOT;XIRECS;6042.0;5
544500;;;INTARIAN_PEPPER_ROOT;XIRECS;6032.0;5
546100;;;ASH_COATED_OSMIUM;XIRECS;10009.0;4
546200;;;ASH_COATED_OSMIUM;XIRECS;10010.0;3
546900;;;INTARIAN_PEPPER_ROOT;XIRECS;6019.0;6
551600;;;ASH_COATED_OSMIUM;XIRECS;10009.0;4
552100;;;INTARIAN_PEPPER_ROOT;XIRECS;5987.0;7
553400;;;ASH_COATED_OSMIUM;XIRECS;10010.0;4
556900;;;ASH_COATED_OSMIUM;XIRECS;9991.0;5
557100;;;ASH_COATED_OSMIUM;XIRECS;9992.0;5
558300;;;INTARIAN_PEPPER_ROOT;XIRECS;5948.0;6
559000;;;ASH_COATED_OSMIUM;XIRECS;9991.0;5
559200;;;ASH_COATED_OSMIUM;XIRECS;10007.0;8
559400;;;ASH_COATED_OSMIUM;XIRECS;9991.0;6
561900;;;ASH_COATED_OSMIUM;XIRECS;10008.0;5
562100;;;INTARIAN_PEPPER_ROOT;XIRECS;5943.0;6
562700;;;ASH_COATED_OSMIUM;XIRECS;10009.0;5
563600;;;ASH_COATED_OSMIUM;XIRECS;10007.0;6
564100;;;ASH_COATED_OSMIUM;XIRECS;9998.0;3
566500;;;ASH_COATED_OSMIUM;XIRECS;10007.0;2
567800;;;INTARIAN_PEPPER_ROOT;XIRECS;5893.0;8
569800;;;ASH_COATED_OSMIUM;XIRECS;9992.0;4
570100;;;ASH_COATED_OSMIUM;XIRECS;10006.0;4
572700;;;ASH_COATED_OSMIUM;XIRECS;9993.0;3
573800;;;INTARIAN_PEPPER_ROOT;XIRECS;5870.0;5
573900;;;INTARIAN_PEPPER_ROOT;XIRECS;5854.0;4
577700;;;ASH_COATED_OSMIUM;XIRECS;9991.0;4
579300;;;INTARIAN_PEPPER_ROOT;XIRECS;5837.0;5
580000;;;INTARIAN_PEPPER_ROOT;XIRECS;5818.0;6
581000;;;INTARIAN_PEPPER_ROOT;XIRECS;5827.0;4
581400;;;ASH_COATED_OSMIUM;XIRECS;9994.0;5
582900;;;ASH_COATED_OSMIUM;XIRECS;10011.0;3
585900;;;ASH_COATED_OSMIUM;XIRECS;10009.0;5
587300;;;INTARIAN_PEPPER_ROOT;XIRECS;5788.0;4
587400;;;ASH_COATED_OSMIUM;XIRECS;10009.0;7
588800;;;INTARIAN_PEPPER_ROOT;XIRECS;5763.0;6
588800;;;ASH_COATED_OSMIUM;XIRECS;9991.0;5
589300;;;INTARIAN_PEPPER_ROOT;XIRECS;5778.0;6
589500;;;INTARIAN_PEPPER_ROOT;XIRECS;5759.0;5
591500;;;INTARIAN_PEPPER_ROOT;XIRECS;5747.0;6
592000;;;ASH_COATED_OSMIUM;XIRECS;9992.0;3
592700;;;ASH_COATED_OSMIUM;XIRECS;9995.0;4
595500;;;INTARIAN_PEPPER_ROOT;XIRECS;5725.0;7
595500;;;INTARIAN_PEPPER_ROOT;XIRECS;5739.0;6
599200;;;ASH_COATED_OSMIUM;XIRECS;10006.0;5
602700;;;ASH_COATED_OSMIUM;XIRECS;9992.0;7
607800;;;INTARIAN_PEPPER_ROOT;XIRECS;5664.0;4
608100;;;INTARIAN_PEPPER_ROOT;XIRECS;5663.0;3
608800;;;INTARIAN_PEPPER_ROOT;XIRECS;5658.0;6
614000;;;ASH_COATED_OSMIUM;XIRECS;10008.0;6
614300;;;INTARIAN_PEPPER_ROOT;XIRECS;5609.0;5
614800;;;INTARIAN_PEPPER_ROOT;XIRECS;5624.0;5
615300;;;ASH_COATED_OSMIUM;XIRECS;10008.0;3
616000;;;ASH_COATED_OSMIUM;XIRECS;10010.0;5
616500;;;ASH_COATED_OSMIUM;XIRECS;9993.0;5
619800;;;INTARIAN_PEPPER_ROOT;XIRECS;5593.0;4
622900;;;INTARIAN_PEPPER_ROOT;XIRECS;5573.0;5
623200;;;INTARIAN_PEPPER_ROOT;XIRECS;5571.0;7
623300;;;INTARIAN_PEPPER_ROOT;XIRECS;5555.0;7
623300;;;ASH_COATED_OSMIUM;XIRECS;9993.0;6
623400;;;INTARIAN_PEPPER_ROOT;XIRECS;5569.0;3
626000;;;INTARIAN_PEPPER_ROOT;XIRECS;5555.0;6
628200;;;INTARIAN_PEPPER_ROOT;XIRECS;5523.0;6
631100;;;ASH_COATED_OSMIUM;XIRECS;9995.0;6
631400;;;ASH_COATED_OSMIUM;XIRECS;10008.0;3
632400;;;ASH_COATED_OSMIUM;XIRECS;10008.0;6
633900;;;ASH_COATED_OSMIUM;XIRECS;10009.0;4
638500;;;ASH_COATED_OSMIUM;XIRECS;9991.0;9
638900;;;ASH_COATED_OSMIUM;XIRECS;9993.0;10
639200;;;ASH_COATED_OSMIUM;XIRECS;10006.0;6
644400;;;ASH_COATED_OSMIUM;XIRECS;10010.0;9
645200;;;ASH_COATED_OSMIUM;XIRECS;10010.0;3
645600;;;ASH_COATED_OSMIUM;XIRECS;10011.0;2
646800;;;ASH_COATED_OSMIUM;XIRECS;9992.0;8
647000;;;ASH_COATED_OSMIUM;XIRECS;10007.0;4
647200;;;INTARIAN_PEPPER_ROOT;XIRECS;5409.0;3
648300;;;ASH_COATED_OSMIUM;XIRECS;9992.0;9
648600;;;ASH_COATED_OSMIUM;XIRECS;9993.0;3
649300;;;ASH_COATED_OSMIUM;XIRECS;9993.0;6
654400;;;INTARIAN_PEPPER_ROOT;XIRECS;5365.0;3
654400;;;INTARIAN_PEPPER_ROOT;XIRECS;5383.0;7
654800;;;ASH_COATED_OSMIUM;XIRECS;9993.0;4
658100;;;ASH_COATED_OSMIUM;XIRECS;10010.0;2
659100;;;ASH_COATED_OSMIUM;XIRECS;9992.0;3
659900;;;INTARIAN_PEPPER_ROOT;XIRECS;5348.0;5
659900;;;ASH_COATED_OSMIUM;XIRECS;9992.0;8
660000;;;ASH_COATED_OSMIUM;XIRECS;9993.0;5
661900;;;ASH_COATED_OSMIUM;XIRECS;10009.0;6
663100;;;ASH_COATED_OSMIUM;XIRECS;10009.0;6
663700;;;ASH_COATED_OSMIUM;XIRECS;10009.0;3
664200;;;ASH_COATED_OSMIUM;XIRECS;10008.0;4
667400;;;INTARIAN_PEPPER_ROOT;XIRECS;5305.0;6
667500;;;ASH_COATED_OSMIUM;XIRECS;10007.0;9
668700;;;INTARIAN_PEPPER_ROOT;XIRECS;5280.0;6
668700;;;ASH_COATED_OSMIUM;XIRECS;10008.0;6
671400;;;INTARIAN_PEPPER_ROOT;XIRECS;5264.0;7
672800;;;ASH_COATED_OSMIUM;XIRECS;10007.0;2
674800;;;ASH_COATED_OSMIUM;XIRECS;10009.0;4
675700;;;INTARIAN_PEPPER_ROOT;XIRECS;5238.0;4
675900;;;INTARIAN_PEPPER_ROOT;XIRECS;5237.0;8
677400;;;ASH_COATED_OSMIUM;XIRECS;9994.0;4
679600;;;ASH_COATED_OSMIUM;XIRECS;9993.0;8
679800;;;INTARIAN_PEPPER_ROOT;XIRECS;5229.0;5
681800;;;INTARIAN_PEPPER_ROOT;XIRECS;5216.0;7
682200;;;INTARIAN_PEPPER_ROOT;XIRECS;5201.0;3
683600;;;INTARIAN_PEPPER_ROOT;XIRECS;5188.0;4
683800;;;ASH_COATED_OSMIUM;XIRECS;9993.0;2
684000;;;ASH_COATED_OSMIUM;XIRECS;10011.0;9
685800;;;INTARIAN_PEPPER_ROOT;XIRECS;5177.0;8
686900;;;ASH_COATED_OSMIUM;XIRECS;9991.0;3
688300;;;INTARIAN_PEPPER_ROOT;XIRECS;5161.0;8
689000;;;ASH_COATED_OSMIUM;XIRECS;10009.0;9
689900;;;ASH_COATED_OSMIUM;XIRECS;10009.0;5
690000;;;INTARIAN_PEPPER_ROOT;XIRECS;5149.0;6
691700;;;INTARIAN_PEPPER_ROOT;XIRECS;5157.0;7
692800;;;ASH_COATED_OSMIUM;XIRECS;9990.0;5
693000;;;ASH_COATED_OSMIUM;XIRECS;10006.0;8
693900;;;ASH_COATED_OSMIUM;XIRECS;10008.0;8
694000;;;ASH_COATED_OSMIUM;XIRECS;10007.0;5
696200;;;INTARIAN_PEPPER_ROOT;XIRECS;5128.0;4
697400;;;INTARIAN_PEPPER_ROOT;XIRECS;5121.0;8
698300;;;ASH_COATED_OSMIUM;XIRECS;9992.0;2
699600;;;ASH_COATED_OSMIUM;XIRECS;9992.0;2
701000;;;INTARIAN_PEPPER_ROOT;XIRECS;5085.0;6
701700;;;ASH_COATED_OSMIUM;XIRECS;9992.0;8
703300;;;ASH_COATED_OSMIUM;XIRECS;9992.0;4
703600;;;INTARIAN_PEPPER_ROOT;XIRECS;5069.0;6
704300;;;ASH_COATED_OSMIUM;XIRECS;9992.0;8
704400;;;INTARIAN_PEPPER_ROOT;XIRECS;5063.0;3
705800;;;INTARIAN_PEPPER_ROOT;XIRECS;5055.0;3
706300;;;ASH_COATED_OSMIUM;XIRECS;10007.0;4
708500;;;ASH_COATED_OSMIUM;XIRECS;9992.0;5
708800;;;INTARIAN_PEPPER_ROOT;XIRECS;5037.0;6
712200;;;ASH_COATED_OSMIUM;XIRECS;10008.0;4
715100;;;INTARIAN_PEPPER_ROOT;XIRECS;5014.0;4
716600;;;INTARIAN_PEPPER_ROOT;XIRECS;5004.0;4
717600;;;INTARIAN_PEPPER_ROOT;XIRECS;4984.0;3
725700;;;INTARIAN_PEPPER_ROOT;XIRECS;4949.0;7
726400;;;ASH_COATED_OSMIUM;XIRECS;9991.0;5
727900;;;ASH_COATED_OSMIUM;XIRECS;10009.0;6
728700;;;ASH_COATED_OSMIUM;XIRECS;9993.0;6
730200;;;INTARIAN_PEPPER_ROOT;XIRECS;4907.0;6
730400;;;INTARIAN_PEPPER_ROOT;XIRECS;4920.0;3
730700;;;ASH_COATED_OSMIUM;XIRECS;10008.0;5
733200;;;ASH_COATED_OSMIUM;XIRECS;9993.0;4
733600;;;ASH_COATED_OSMIUM;XIRECS;9991.0;8
733700;;;INTARIAN_PEPPER_ROOT;XIRECS;4886.0;6
733800;;;ASH_COATED_OSMIUM;XIRECS;10009.0;10
734000;;;INTARIAN_PEPPER_ROOT;XIRECS;4899.0;7
734100;;;INTARIAN_PEPPER_ROOT;XIRECS;4900.0;3
734300;;;ASH_COATED_OSMIUM;XIRECS;9991.0;3
734300;;;ASH_COATED_OSMIUM;XIRECS;9991.0;4
736800;;;ASH_COATED_OSMIUM;XIRECS;10012.0;7
742700;;;ASH_COATED_OSMIUM;XIRECS;9992.0;4
742800;;;INTARIAN_PEPPER_ROOT;XIRECS;4845.0;3
742900;;;INTARIAN_PEPPER_ROOT;XIRECS;4845.0;3
744000;;;ASH_COATED_OSMIUM;XIRECS;10008.0;6
744100;;;INTARIAN_PEPPER_ROOT;XIRECS;4838.0;7
748900;;;ASH_COATED_OSMIUM;XIRECS;9991.0;8
749000;;;ASH_COATED_OSMIUM;XIRECS;9991.0;5
749300;;;INTARIAN_PEPPER_ROOT;XIRECS;4806.0;7
751400;;;ASH_COATED_OSMIUM;XIRECS;9992.0;4
752700;;;ASH_COATED_OSMIUM;XIRECS;9991.0;2
760800;;;ASH_COATED_OSMIUM;XIRECS;10007.0;6
763700;;;INTARIAN_PEPPER_ROOT;XIRECS;4704.0;7
764200;;;ASH_COATED_OSMIUM;XIRECS;9992.0;7
765600;;;ASH_COATED_OSMIUM;XIRECS;10007.0;7
766400;;;ASH_COATED_OSMIUM;XIRECS;9994.0;10
767300;;;ASH_COATED_OSMIUM;XIRECS;10010.0;6
769400;;;ASH_COATED_OSMIUM;XIRECS;10007.0;10
771500;;;ASH_COATED_OSMIUM;XIRECS;9991.0;2
771700;;;ASH_COATED_OSMIUM;XIRECS;10007.0;2
773000;;;INTARIAN_PEPPER_ROOT;XIRECS;4666.0;7
779600;;;ASH_COATED_OSMIUM;XIRECS;10009.0;9
780700;;;INTARIAN_PEPPER_ROOT;XIRECS;4618.0;5
781900;;;INTARIAN_PEPPER_ROOT;XIRECS;4592.0;3
783300;;;ASH_COATED_OSMIUM;XIRECS;10009.0;7
784700;;;INTARIAN_PEPPER_ROOT;XIRECS;4592.0;4
785800;;;INTARIAN_PEPPER_ROOT;XIRECS;4584.0;5
787500;;;ASH_COATED_OSMIUM;XIRECS;10009.0;2
788200;;;ASH_COATED_OSMIUM;XIRECS;9993.0;2
790300;;;ASH_COATED_OSMIUM;XIRECS;9991.0;3
790600;;;INTARIAN_PEPPER_ROOT;XIRECS;4541.0;7
790800;;;INTARIAN_PEPPER_ROOT;XIRECS;4554.0;6
791300;;;ASH_COATED_OSMIUM;XIRECS;9992.0;6
791400;;;INTARIAN_PEPPER_ROOT;XIRECS;4550.0;3
791500;;;ASH_COATED_OSMIUM;XIRECS;9993.0;4
792400;;;INTARIAN_PEPPER_ROOT;XIRECS;4530.0;7
793700;;;INTARIAN_PEPPER_ROOT;XIRECS;4522.0;4
794500;;;ASH_COATED_OSMIUM;XIRECS;9993.0;4
796900;;;INTARIAN_PEPPER_ROOT;XIRECS;4518.0;7
797000;;;INTARIAN_PEPPER_ROOT;XIRECS;4502.0;5
800000;;;ASH_COATED_OSMIUM;XIRECS;10010.0;8
800900;;;ASH_COATED_OSMIUM;XIRECS;10010.0;7
801100;;;INTARIAN_PEPPER_ROOT;XIRECS;4475.0;6
801400;;;INTARIAN_PEPPER_ROOT;XIRECS;4475.0;3
804700;;;INTARIAN_PEPPER_ROOT;XIRECS;4456.0;4
804800;;;INTARIAN_PEPPER_ROOT;XIRECS;4455.0;3
808500;;;INTARIAN_PEPPER_ROOT;XIRECS;4447.0;4
809200;;;ASH_COATED_OSMIUM;XIRECS;10011.0;5
810100;;;ASH_COATED_OSMIUM;XIRECS;9991.0;5
811600;;;INTARIAN_PEPPER_ROOT;XIRECS;4422.0;8
811800;;;ASH_COATED_OSMIUM;XIRECS;9991.0;5
812000;;;ASH_COATED_OSMIUM;XIRECS;9993.0;2
813100;;;ASH_COATED_OSMIUM;XIRECS;9993.0;7
813700;;;INTARIAN_PEPPER_ROOT;XIRECS;4415.0;7
817800;;;INTARIAN_PEPPER_ROOT;XIRECS;4391.0;8
818000;;;ASH_COATED_OSMIUM;XIRECS;9991.0;7
818000;;;ASH_COATED_OSMIUM;XIRECS;10007.0;3
822000;;;ASH_COATED_OSMIUM;XIRECS;10008.0;6
822700;;;INTARIAN_PEPPER_ROOT;XIRECS;4346.0;7
823000;;;ASH_COATED_OSMIUM;XIRECS;10009.0;5
823400;;;ASH_COATED_OSMIUM;XIRECS;10009.0;5
824500;;;INTARIAN_PEPPER_ROOT;XIRECS;4350.0;3
826900;;;INTARIAN_PEPPER_ROOT;XIRECS;4320.0;3
828400;;;ASH_COATED_OSMIUM;XIRECS;10010.0;5
830000;;;ASH_COATED_OSMIUM;XIRECS;9992.0;2
832000;;;ASH_COATED_OSMIUM;XIRECS;9996.0;2
834400;;;ASH_COATED_OSMIUM;XIRECS;9994.0;3
837200;;;INTARIAN_PEPPER_ROOT;XIRECS;4259.0;7
837500;;;ASH_COATED_OSMIUM;XIRECS;9996.0;5
838600;;;ASH_COATED_OSMIUM;XIRECS;10008.0;2
839000;;;ASH_COATED_OSMIUM;XIRECS;9992.0;6
841100;;;ASH_COATED_OSMIUM;XIRECS;9992.0;6
842000;;;INTARIAN_PEPPER_ROOT;XIRECS;4243.0;4
842700;;;ASH_COATED_OSMIUM;XIRECS;10010.0;5
843400;;;INTARIAN_PEPPER_ROOT;XIRECS;4220.0;4
845400;;;INTARIAN_PEPPER_ROOT;XIRECS;4209.0;3
846700;;;ASH_COATED_OSMIUM;XIRECS;10007.0;3
846900;;;INTARIAN_PEPPER_ROOT;XIRECS;4214.0;3
846900;;;ASH_COATED_OSMIUM;XIRECS;10007.0;10
847400;;;ASH_COATED_OSMIUM;XIRECS;9992.0;5
847900;;;ASH_COATED_OSMIUM;XIRECS;10009.0;8
849200;;;INTARIAN_PEPPER_ROOT;XIRECS;4201.0;8
849400;;;INTARIAN_PEPPER_ROOT;XIRECS;4181.0;3
850700;;;INTARIAN_PEPPER_ROOT;XIRECS;4173.0;3
851800;;;ASH_COATED_OSMIUM;XIRECS;10008.0;5
852700;;;ASH_COATED_OSMIUM;XIRECS;9992.0;5
856300;;;ASH_COATED_OSMIUM;XIRECS;9993.0;6
856500;;;ASH_COATED_OSMIUM;XIRECS;9993.0;7
857000;;;INTARIAN_PEPPER_ROOT;XIRECS;4138.0;3
857000;;;ASH_COATED_OSMIUM;XIRECS;10003.0;2
857900;;;INTARIAN_PEPPER_ROOT;XIRECS;4147.0;4
858400;;;INTARIAN_PEPPER_ROOT;XIRECS;4144.0;3
858400;;;INTARIAN_PEPPER_ROOT;XIRECS;4144.0;3
859700;;;INTARIAN_PEPPER_ROOT;XIRECS;4138.0;6
860300;;;ASH_COATED_OSMIUM;XIRECS;10005.0;4
860400;;;INTARIAN_PEPPER_ROOT;XIRECS;4132.0;3
862200;;;ASH_COATED_OSMIUM;XIRECS;9994.0;6
862400;;;ASH_COATED_OSMIUM;XIRECS;9993.0;4
863100;;;ASH_COATED_OSMIUM;XIRECS;10009.0;9
864100;;;ASH_COATED_OSMIUM;XIRECS;9992.0;4
864500;;;INTARIAN_PEPPER_ROOT;XIRECS;4093.0;5
864900;;;ASH_COATED_OSMIUM;XIRECS;10008.0;9
866400;;;INTARIAN_PEPPER_ROOT;XIRECS;4079.0;7
866500;;;ASH_COATED_OSMIUM;XIRECS;9993.0;8
869900;;;INTARIAN_PEPPER_ROOT;XIRECS;4060.0;5
869900;;;ASH_COATED_OSMIUM;XIRECS;9994.0;3
870000;;;INTARIAN_PEPPER_ROOT;XIRECS;4076.0;6
871200;;;INTARIAN_PEPPER_ROOT;XIRECS;4052.0;7
871400;;;INTARIAN_PEPPER_ROOT;XIRECS;4051.0;7
871900;;;INTARIAN_PEPPER_ROOT;XIRECS;4048.0;8
872800;;;ASH_COATED_OSMIUM;XIRECS;9993.0;3
873600;;;INTARIAN_PEPPER_ROOT;XIRECS;4038.0;5
875800;;;ASH_COATED_OSMIUM;XIRECS;10011.0;8
877700;;;ASH_COATED_OSMIUM;XIRECS;9990.0;2
878900;;;ASH_COATED_OSMIUM;XIRECS;9992.0;10
879300;;;INTARIAN_PEPPER_ROOT;XIRECS;4003.0;4
881500;;;INTARIAN_PEPPER_ROOT;XIRECS;3989.0;3
881700;;;ASH_COATED_OSMIUM;XIRECS;9992.0;10
882400;;;INTARIAN_PEPPER_ROOT;XIRECS;3984.0;4
883500;;;ASH_COATED_OSMIUM;XIRECS;9994.0;5
883700;;;ASH_COATED_OSMIUM;XIRECS;10008.0;8
885200;;;INTARIAN_PEPPER_ROOT;XIRECS;3982.0;3
887600;;;INTARIAN_PEPPER_ROOT;XIRECS;3952.0;4
888700;;;ASH_COATED_OSMIUM;XIRECS;9993.0;2
889100;;;ASH_COATED_OSMIUM;XIRECS;9993.0;3
889400;;;ASH_COATED_OSMIUM;XIRECS;9996.0;2
890000;;;ASH_COATED_OSMIUM;XIRECS;10008.0;8
890700;;;ASH_COATED_OSMIUM;XIRECS;9992.0;8
891600;;;ASH_COATED_OSMIUM;XIRECS;10008.0;8
891600;;;ASH_COATED_OSMIUM;XIRECS;9992.0;5
891900;;;ASH_COATED_OSMIUM;XIRECS;10009.0;6
895700;;;ASH_COATED_OSMIUM;XIRECS;10008.0;4
898000;;;ASH_COATED_OSMIUM;XIRECS;9992.0;9
898200;;;ASH_COATED_OSMIUM;XIRECS;10009.0;3
898300;;;ASH_COATED_OSMIUM;XIRECS;9991.0;8
898600;;;ASH_COATED_OSMIUM;XIRECS;9990.0;4
899500;;;ASH_COATED_OSMIUM;XIRECS;9991.0;2
900400;;;ASH_COATED_OSMIUM;XIRECS;10009.0;2
903500;;;ASH_COATED_OSMIUM;XIRECS;10007.0;8
909700;;;INTARIAN_PEPPER_ROOT;XIRECS;3833.0;7
910600;;;INTARIAN_PEPPER_ROOT;XIRECS;3811.0;4
911500;;;INTARIAN_PEPPER_ROOT;XIRECS;3808.0;5
912100;;;ASH_COATED_OSMIUM;XIRECS;9992.0;5
914000;;;INTARIAN_PEPPER_ROOT;XIRECS;3792.0;3
915100;;;INTARIAN_PEPPER_ROOT;XIRECS;3786.0;4
916000;;;ASH_COATED_OSMIUM;XIRECS;10010.0;6
916000;;;ASH_COATED_OSMIUM;XIRECS;10010.0;5
916700;;;INTARIAN_PEPPER_ROOT;XIRECS;3776.0;6
924100;;;ASH_COATED_OSMIUM;XIRECS;9994.0;6
925600;;;INTARIAN_PEPPER_ROOT;XIRECS;3739.0;4
925900;;;ASH_COATED_OSMIUM;XIRECS;9993.0;2
929500;;;ASH_COATED_OSMIUM;XIRECS;9993.0;3
929900;;;ASH_COATED_OSMIUM;XIRECS;9993.0;6
930200;;;ASH_COATED_OSMIUM;XIRECS;9992.0;6
936100;;;INTARIAN_PEPPER_ROOT;XIRECS;3659.0;6
937300;;;ASH_COATED_OSMIUM;XIRECS;9992.0;5
938200;;;INTARIAN_PEPPER_ROOT;XIRECS;3661.0;6
938800;;;ASH_COATED_OSMIUM;XIRECS;10006.0;4
940000;;;ASH_COATED_OSMIUM;XIRECS;9990.0;3
941400;;;INTARIAN_PEPPER_ROOT;XIRECS;3641.0;7
943000;;;ASH_COATED_OSMIUM;XIRECS;9996.0;4
943200;;;INTARIAN_PEPPER_ROOT;XIRECS;3616.0;6
946300;;;ASH_COATED_OSMIUM;XIRECS;9992.0;4
948500;;;ASH_COATED_OSMIUM;XIRECS;10007.0;2
948600;;;INTARIAN_PEPPER_ROOT;XIRECS;3582.0;3
948600;;;ASH_COATED_OSMIUM;XIRECS;9992.0;5
948900;;;INTARIAN_PEPPER_ROOT;XIRECS;3583.0;5
949300;;;INTARIAN_PEPPER_ROOT;XIRECS;3584.0;7
951200;;;INTARIAN_PEPPER_ROOT;XIRECS;3582.0;8
951300;;;ASH_COATED_OSMIUM;XIRECS;9990.0;9
951700;;;ASH_COATED_OSMIUM;XIRECS;9991.0;3
953600;;;ASH_COATED_OSMIUM;XIRECS;10009.0;4
955600;;;INTARIAN_PEPPER_ROOT;XIRECS;3555.0;6
959400;;;ASH_COATED_OSMIUM;XIRECS;9992.0;10
959600;;;ASH_COATED_OSMIUM;XIRECS;10009.0;5
960200;;;ASH_COATED_OSMIUM;XIRECS;10008.0;6
961800;;;ASH_COATED_OSMIUM;XIRECS;9993.0;3
961900;;;INTARIAN_PEPPER_ROOT;XIRECS;3518.0;5
962000;;;ASH_COATED_OSMIUM;XIRECS;10011.0;6
963100;;;ASH_COATED_OSMIUM;XIRECS;9992.0;4
963500;;;ASH_COATED_OSMIUM;XIRECS;9992.0;5
964900;;;INTARIAN_PEPPER_ROOT;XIRECS;3484.0;4
966300;;;INTARIAN_PEPPER_ROOT;XIRECS;3476.0;7
966600;;;ASH_COATED_OSMIUM;XIRECS;10007.0;4
967200;;;ASH_COATED_OSMIUM;XIRECS;10009.0;10
967300;;;INTARIAN_PEPPER_ROOT;XIRECS;3476.0;3
968100;;;INTARIAN_PEPPER_ROOT;XIRECS;3481.0;3
969600;;;ASH_COATED_OSMIUM;XIRECS;10008.0;5
970300;;;INTARIAN_PEPPER_ROOT;XIRECS;3451.0;4
971000;;;ASH_COATED_OSMIUM;XIRECS;9992.0;5
971300;;;ASH_COATED_OSMIUM;XIRECS;9990.0;6
971700;;;INTARIAN_PEPPER_ROOT;XIRECS;3459.0;3
972800;;;ASH_COATED_OSMIUM;XIRECS;10007.0;6
974800;;;ASH_COATED_OSMIUM;XIRECS;9992.0;5
974800;;;ASH_COATED_OSMIUM;XIRECS;9992.0;2
978900;;;INTARIAN_PEPPER_ROOT;XIRECS;3414.0;6
979200;;;INTARIAN_PEPPER_ROOT;XIRECS;3397.0;5
985000;;;INTARIAN_PEPPER_ROOT;XIRECS;3378.0;3
987500;;;ASH_COATED_OSMIUM;XIRECS;9994.0;6
989000;;;ASH_COATED_OSMIUM;XIRECS;9993.0;3
989500;;;ASH_COATED_OSMIUM;XIRECS;9993.0;10
990000;;;INTARIAN_PEPPER_ROOT;XIRECS;3347.0;5
990000;;;ASH_COATED_OSMIUM;XIRECS;9992.0;2
990700;;;INTARIAN_PEPPER_ROOT;XIRECS;3342.0;7
992500;;;INTARIAN_PEPPER_ROOT;XIRECS;3333.0;5
992500;;;ASH_COATED_OSMIUM;XIRECS;10006.0;4
993300;;;ASH_COATED_OSMIUM;XIRECS;9989.0;4
994200;;;ASH_COATED_OSMIUM;XIRECS;9990.0;2
994800;;;ASH_COATED_OSMIUM;XIRECS;9992.0;4
995400;;;INTARIAN_PEPPER_ROOT;XIRECS;3299.0;6
995400;;;INTARIAN_PEPPER_ROOT;XIRECS;3313.0;8
996900;;;INTARIAN_PEPPER_ROOT;XIRECS;3290.0;4
997000;;;ASH_COATED_OSMIUM;XIRECS;9992.0;5
997100;;;INTARIAN_PEPPER_ROOT;XIRECS;3305.0;5